% !TEX encoding = Windows Latin 1

% ------------------------------------------------------------------------
% SAMPLE BIBLIOGRAPHY FILE
% ------------------------------------------------------------------------



% ------------------------------------------------------------------------
