%% LaTeX2e file `egspecialchar.bib'
%% generated by the `filecontents' environment
%% from source `biblatex-gb7714-2015ay' on 2017/03/20.
%%
@Inproceedings{ref-replace-char,
  Title                    = {Cognitive Radio and Cooperative Strategies for Power Saving in Multi-Standard Wireless Devices},
  Address                  = { Florence, Italy},
  Author                   = {Rodriguez, J. and P. Marques and A. Radwan and K. Moessner and R. Tafazolli and others},
  Booktitle                = {Future % Network & Mobile # Summit 2010},
  Date                     = {June 2010}
}
