@bookinbook{BHG225,
	Bhg = {225},
	Cant = {285},
	Crossref = {AAA2.2},
	Editor = {Maximilien Bonnet},
	Pages = {292-302},
	Title = {Acta Barnabae}
}
@book{AAA2.2,
	Address = {Darmstadt},
	Date = {1903},
	Editor = {Maximilien Bonnet},
	Location = {Leipzig},
	Publisher = {Hermann Mendelssohn},
	Title = {Acta Apostolorum Apocrypha},
	Volume = {2.2}}
