@book{CANT,
	Address = {Turnhout},
	Author = {Maurice Geerard},
	Date = {1992},
	Publisher = {Brepols},
	Series = {Corpus Christianorum},
	Title = {Clavis Apocryphorum Novi Testamenti}}
@mvbook{BHG_3,
	Address = {Bruxelles},
	Author = {François Halkin},
	Date = {1957},
	Edition = {3},
	Number = {81},
	Publisher = {{Société des Bollandistes}},
	Series = {Subsidia Hagiographica},
	Title = {Bibliotheca hagiographica graeca},
	Volumes = {3}}
@book{BHG_auctarium,
	Address = {Bruxelles},
	Author = {François Halkin},
	Date = {1969},
	Number = {47},
	Publisher = {{Société des Bollandistes}},
	Series = {Subsidia Hagiographica},
	Title = {Auctarium bibliothecae hagiographicae graecae}}
@book{BHG_novum_auctarium,
	Address = {Bruxelles},
	Author = {François Halkin},
	Date = {1984},
	Number = {65},
	Publisher = {{Société des Bollandistes}},
	Series = {Subsidia Hagiographica},
	Title = {Novum auctarium bibliothecae hagiographicae graecae}}
