@book {  ll:86 ,
author = "Leslie Lamport" ,
title = "\LaTeX: A Document Preparation System" ,
publisher = "Addison--Wesley Pub.\ Co." ,
year = "1986" ,
address = "Reading, MA" ,
}

@article {  asaeins ,
author = "{ASAE}" ,
title = "Instructions to Authors of {ASAE} Technical Publications" ,
journal = "Transactions of the {ASAE}" ,
year = "1990" ,
volume = "33" ,
number = "4" ,
}
