@misc{TeXFAQ,
  author =        {UK \TeX{} Users Group},
  howpublished =  {\url{http://www.tex.ac.uk/cgi-bin/texfaq2html}},
  title =         {{UK} List of {\TeX} Frequently Asked Questions},
  year =          {2006},
}

@Manual{Schmidt04:PSNFSS9.2,
  title = 	 {Using Common {P}ost{S}cript Fonts With {\LaTeX}.  
                  {PSNFSS} Version 9.2},
  author =	 {Walter Schmidt},
  month =	 {September},
  year =	 2004,
  note =	 {\url{http://ctan.tug.org/tex-archive/macros/latex/required/psnfss}}
}

@Manual{Umeki08:Geometry,
  title = 	 {The \textsf{geometry} Package},
  author =		 {Hideo Umeki},
  month =	 {December},
  year =	 2008,
  note =	 {\url{http://ctan.tug.org/tex-archive/macros/latex/contrib/geometry}}
}


@Manual{Carlisle05:Graphics,
  title = 	 {Packages in the `Graphics' Bundle},
  author =	 {D. P. Carlisle},
  month =	 {November},
  year =	 2005,
  note =	 {\url{http://ctan.tug.org/tex-archive/macros/latex/required/graphics}}
}

@BOOK{Lamport94,
  author = {Leslie Lamport},
  year = 1994,
  title = {{\LaTeX}: a Document Preparation System},
  edition = 2,
  publisher = {Addison-Wesley Publishing Company},
  address = {Reading, Ma.},
  note = {Illustrations by Duane Bibby}
}

@Misc{EEGS_web_site,
  title =	 {{EEGS} Web Site},
  howpublished = {\url{http://www.eegs.org/}, accessed December 2008}
}



@Misc{SAGEEP09,
  title =	 {A sample Paper Showing the Format Required
                  for Your Contribution To the {SAGEEP 2009} Proceedings},
  howpublished = {\url{http://www.eegs.org/pdf_files/sageep09_formatting.doc}},
  month =	 {October},
  year =	 2008
}

@Manual{Daly07:Natbib,
  title = 	 {Natural Sciences Citations and References
                  (Author-Year and Numerical Schemes)},
  author =	 {Patrick W. Daly},
  month =	 {February},
  year =	 2007,
  note =	 {\url{http://ctan.tug.org/tex-archive/macros/latex/contrib/natbib}}
}

@Manual{Downes04:amsart,
  title = 	 {The \textsf{amsart}, \textsf{amsproc}, and 
                  \textsf{amsbook} document~classes},
  author =	 {Michael Downes and Barbara Beeton},
  organization = {American Mathematical Society},
  year =	 2004,
  month =        {August},
  note =	 {\url{http://www.ctan.org/tex-archive/macros/latex/required/amslatex/classes}}
}

@Manual{Sommerfeldt07:Caption,
  title = 	 {Typesetting Captions with the \textsf{caption} Package},
  author =	 {Axel Sommerfeldt},
  month =	 {February},
  year =	 2007,
  note =	 {\url{http://ctan.tug.org/tex-archive/macros/latex/contrib/caption}}
}

@Article{Flynn01:TeXMassMarket,
  author = 	 {Peter Flynn},
  title = 	 {{\TeX}---a Mass-Market Product?
                   Or Just an Image in Need of a Makeover?},
  journal = 	 {TUGboat},
  year = 	 2001,
  volume =	 22,
  number =	 3,
  pages =	 {137--139}
}

@Misc{Oostrum97:Floats,
  author =	 {Piet van Oostrum},
  title =	 {Floats in {\LaTeX}},
  howpublished = {\url{http://people.cs.uu.nl/piet/floats/}},
  month =	 {February},
  year =	 1997
}
