%% Created using Papers on Tue, 29 Dec 2015.
%% http://papersapp.com/papers/

@article{Phadtare:2009dkba,
author = {Phadtare, Amruta and Bahmani, Anu and Shah, Anand and Pietrobon, Ricardo},
title = {{Scientific writing: a randomized controlled trial comparing standard and on-line instruction}},
journal = {BMC Medical Education},
year = {2009}
}

@book{Ratnayake:2016dtba,
author = {Ratnayake, Udani and Hill, Rachel Anne},
title = {{Studies on the Effects Prenatal Immune Activation on Postnatal Behavior: Models of Developmental Origins of Schizophrenia}},
year = {2016}
}

@article{Erren:2007hlba,
author = {Erren, Thomas C. and Cullen, Paul and Erren, Michael and Bourne, Philip E},
title = {{Ten simple rules for doing your best research, according to Hamming.}},
journal = {PLoS computational biology},
year = {2007}
}

@article{Hall:2014dbba,
author = {Hall, Neil},
title = {{The Kardashian index: a measure of discrepant social media profile for scientists.}},
journal = {Genome biology},
year = {2014}
}
