% This file was created with JabRef 2.10.
% Encoding: UTF8


@Book{demmig2004,
  Title                    = {Jetzt lerne ich \LaTeX{}2$_\epsilon$},
  Author                   = {Thomas Demmig},
  Publisher                = {Pearson Education},
  Year                     = {2004},

  Url                      = {http://mirror.ctan.org/tex-archive/digests/dtk/book_reviews/dtk_jetztlerne.pdf}
}

@Article{Ehrenfeld2011iwhdp,
  Title                    = {Die Dokumentenklasse iwhdp},
  Author                   = {Wilfried Ehrenfeld},
  Journal                  = {Die TeXnische Komödie},
  Number                   = {2},
  Pages                    = {48--54},
  Volume                   = {23},
  Year                     = {2011},
  Keywords                 = {wed},

  Owner                    = {wed},
  Timestamp                = {2011-07-01},
  Url                      = {http://www.iwh-halle.de/asp/pubdetails.asp?Lang=d&ID=3762&ACTION=Details}
}

@Article{Ehrenfeld2010LaTeX,
  Title                    = {Die \LaTeX -Vorlage für IWH-Diskussionspapiere},
  Author                   = {Wilfried Ehrenfeld},
  Journal                  = {Die TeXnische Komödie},
  Number                   = {2},
  Pages                    = {43--47},
  Volume                   = {22},
  Year                     = {2010},
  Keywords                 = {wed},

  Owner                    = {wed},
  Timestamp                = {2011-03-09},
  Url                      = {http://www.iwh-halle.de/asp/pubdetails.asp?Lang=d&ID=3373&ACTION=Details}
}

@Article{Hagen1,
  Title                    = {\LaTeX{} - eine Enführung und ein bißchen mehr ...},
  Author                   = {Manuela Jürgens},
  Year                     = {2013},

  Owner                    = {wed},
  Timestamp                = {2014-06-19},
  Url                      = {http://www.fernuni-hagen.de/imperia/md/content/zmi_2010/a026_latex_einf.pdf}
}

@Article{Hagen2,
  Title                    = {\LaTeX{} - Fortgeschrittene Anwendungen},
  Author                   = {Manuela Jürgens},
  Year                     = {2011},

  Owner                    = {wed},
  Timestamp                = {2014-06-19},
  Url                      = {http://www.fernuni-hagen.de/imperia/md/content/zmi_2010/a027_latex_fort.pdf}
}

@Book{schlager2005,
  Title                    = {Wissenschaftlich mit \LaTeX{} arbeiten},
  Author                   = {Petra Schlager and Manfred Thibud},
  Publisher                = {Pearson Studium},
  Year                     = {2005}
}

