@ARTICLE{artikel,
	author = {Peter Müller},
	title = {Beethovens Streichquartette},
	journal = {Archiv für Musikwissenschaft},
	volume = {28},
	year = {1968},
	pages = {180--212}
}

@BOOKLET{buch,
	editor = {Felix Nussbaum},
	title = {Beethovens Streichquartette},
	year = {1983},
	location = {Kassel},
	keywords = {primaer}
}

@BOOK{buch2,
	author = {Peter Müller},
	title = {Beethovens Streichquartette},
	year = {1983},
	location = {Kassel},
	publisher = {Pieper},
	keywords = {primaer}
}

@COLLECTION{sammelb,
	editor = {Hans Meier},
	title = {Beethoven Handbuch},
	year = {1972},
	location = {Berlin}
}

@INCOLLECTION{sammart,
	author = {Friedhelm Schmidt},
	title = {Mozarts Streichquintette},
	booktitle = {Mozart Jahrbuch},
	editor = {dems.},
	volume = {2},
	year = {2011},
	location = {Wien},
}

@ONLINE{internet,
	title = {Neue Musik im Internet},
	author = {Susi Sorglos},
	year = {2010},
	url = {http://www.susi-sorglos-im-netz.de/neu_mus_inet.htm},
	urldate = {2011-09-10}
}

@music{noten,
	author = {Johann Sebastian Bach},
	title = {Motetten},
	usera = {225--230},
	userb = {BWV},
	editor = {Konrad Ameln},
	series = {Neue Bach-Ausgabe Serie III, Band 1},
	location = {Kassel},
	publisher = {Bärenreiter},
	year = {1965},
}

@MUSIC{noten2,
	author = {Ludwig van Beethoven},
	title = {Sinfonie Nr. 3},
	usera = {55}
}