@BOOK{kruschwitz2007,
  author    = {Kruschwitz, Lutz},
  title     = {Investitionsrechnung},
  publisher = {Oldenbourg},
  address   = {München},
  edition   = {11},
  year      = {2007}
}



@article{krogh1996,
    author  = {Krogh, Georg von and Johan Roos},
    title   = {A Tale of the Unfinished},
    journal = {Strategie Management Journal},
    volume  = {19},
    number  = {9},
    year    = {1996},
    pages   = {729-737}
}



@article{niemann2005,
    author={Niemann, Rainer and Caren Sureth},
    title={Capital Budgeting with Taxes under Uncertainty and Irreversibility},
    journal={Journal of Economics and Statistics},
    volume={225},
    number = {},
    year={2005},
    pages={77-95}
}



@article{albers1996,
    author={Albers, Sönke},
    title={Optimization Models for Salesforce Compensation},
    journal={European Journal of Operational Research},
    volume={89},
    year={1996},
    pages={1-17}
}



@article{albers2000,
    author={Albers, Sönke},
    title={Impact of Types of Functional Relationships, Decisions, and Solutions on the Applicability of Marketing Models},
    journal={International Journal of Research in Marketing},
    volume={17},
    year={2000},
    pages={169-175}
}


@article{albers2009,
    author={Albers, Sönke},
    title={Misleading Rankings of Research in Business},
    journal={German Economic Review},
    volume={10},
    number={3},
    year={2009},
    pages={352-363}
}


@incollection{fehr2003,
    author = {Hans Fehr and Wolfgang Wiegard},
    title = {ACE for Germany? Fighting for a Better Tax System},
    year = {2003},
    pages = {297-324},
    editor = {Michael Ahlheim and Heinz-Dieter Wenzel and Wolfgang Wiegard},
    booktitle = {Steuerpolitik \endash\xspace Von der Theorie zur Praxis: Festschrift für Manfred Rose},
    publisher = {Springer},
    address = {Berlin et al.}
}


@inproceedings{matta2005,
    author = {Matta, Andrea and Robert Chefson},
    title = {Formal Properties of Closed Flow Lines with Limited Buffer Capacities and Random Processing Times},
    year = {2005},
    pages = {190-198},
    editor = {Felix-Teixera, J. Manuel and A. E. Carvalho Brito},
    booktitle = {The 2005 European Simulation and Modelling Conference},
    address = {Porto}
}




@book{mittelbach2005,
    author={Mittelbach, Frank and Michel Goossens and Johannes Braams and David Carlisle},	
    title={Der \LaTeX-Begleiter},
    publisher={Addison-Wesley Professional},
    address = {München},
    edition={2},
    month={ },
    year={2005}
}


@book{mittelbach2004,
    author    = {Mittelbach, Frank and Michel Goossens and Johannes Braams and David Carlisle and Chris Rowley},
    title     = {The \LaTeX\xspace Companion. Addison-Wesley Series on Tools and Techniques for Computer T},
    publisher = {Addison-Wesley Professional},
    address   = {München},
    edition   = {2},
    year      = {2004}
}


@book{schanz2011,
    author={Schanz, Deborah and Sebastian Schanz},	
    title={Business Taxation and Financial Decisions},
    publisher={Springer},
    address = {Heidelberg},
    edition={},
    month={ },
    year={2011}
}


@book{cowley2008,
    editor={Cowley, Nick and Carlos Gutiérrez and Juhani Kesti and Mei-June Soo},	
    title={Global Corporate Tax Handbook 2008},
    publisher={International Bureau of Fiscal Documentation},
    address = {Amsterdam},
    edition={},
    year={2008}
}




@article{bottazzi1998,
    author={Bottazzi, Jürgen and Hermann Hens and Andreas Löffler},
    title={Market Demand Functions in the {CAPM}},
    journal={Journal of Economic Theory},
    volume={79},
    year={1998},
    pages={192-206}
}

@article{brennan1970,
    author={Michael J. Brennan},
    title={Taxes, market valuation and corporate financial policy},
    journal={National Tax Journal},
    volume={23},
    year={1970},
    pages={417-427}
}



@book{loeffler1996a,
    author={Andreas Löffler},	
    title={Capital Asset Pricing Model mit Konsumtion: Eine gleichgewichtstheoretische Untersuchung},
    publisher={Deutscher Universit\"ats-Verlag},
    address = {Wiesbaden},
    year={1996}
}

@article{loeffler1996b,
    author={Löffler, Andreas},	
    title={Variance Aversion Implies $\mu$-$\sigma^2$-Criterion},
    journal={Journal of Economic Theory},
    volume={69},
    number={3},
    year={1996},
    pages={532-539}
}


@ARTICLE{abdulkader2006,
    author = {Abdul-Kader, Walid},
    title = {Capacity Improvement of an Unreliable Production Line - An Analytical Approach},
    pages = {1695-1712},
    year = {2006},
    Journal = {Computers \& Operations Research},
    Volume = {33},
    Number = {6}
}


@book{helber1999,
    author = {Helber, Stefan},
    series = {},
    title = {Performance Analysis of Flow Lines with Non-Linear Flow of Material: Vol. 473. Lecture Notes in Economics and Mathematical Systems},
    publisher = {Springer},
    address = {Berlin},
    year = {1999},
    volume = {}
}


@book{hopp2000,
    author = {Hopp, Wallace J. and Mark L. Spearman},
    title = {Factory Physics: Foundations of Manufacturing Management},
    edition = {2nd},
    publisher = {Irwin, Chicago et al.},
    year = {2000}
}





@unpublished{brown2000,
    author = {Brown, Lawrence D.},
    title = {I/B/E/S Research Bibliography},
    edition = {6th},
    year = {2000},
    note = {\url{http://www2.gsu.edu/~wwwaceFaculty/lbrown/Bibliography.pdf} (Access date: 2011-02-15)}
}

@article{smith1999,
    author = {Smith, Bamber Linda and Orie E. Barron and Thomas L. Stober},
    title = {Differential Interpretations and Trading Volume},
    pages = {369-386},
    year = {1999},
    journal = {Journal of Financial and Quantitative Analysis},
    volume = {34},
    number={3}
}

@article{beatty1986,
    author = {Beatty, Randolph P. and Jay R. Ritter},
    title = {Investment Banking, Reputatin, and the Underpricing of Initital Public Offerings},
    pages = {213-232},
    year = {1986},
    journal = {Journal of Financial Economics},
    volume = {15},
    number = {1-2}
}

@book{belsley1980,
    author = {Belsley, David A. and Edwin Kuh and Roy E. Welsch},
    title = {Regression Diagnostics: Identifying Influential Data and Sources of Collinearity},
    publisher = {Wiley},
    address={New York},
    year={1980}
}

@article{botosan1997,
    author = {Botosan, Christine A.},
    title = {Disclosure Level and the Cost of Equity Capital},
    pages = {323-349},
    year = {1997},
    journal = {The Accounting Review},
    volume = {72},
    number = {3}
}



@unpublished{hundsdoerfer2011,
 author = {Hundsdoerfer, Jochen and Christian Sielaff and Kay Blaufus and Dirk Kiesewetter and Joachim Weimann},
 title  = {The Influence of Tax Labeling and Tax Earmarking on the Willingness to Contribute \endash\xspace A Conjoint Analysis},
 note   = {Working Paper, arqus, \url{http://www.arqus.info/mobile/paper/arqus_121.pdf} (Access date: 2011-09-28)},
 year   = {2011}
}



@unpublished{overesch2006,
 author    = {Overesch, Michael and Georg Wamser},
 title     = {German Inbound Investment, Corporate Tax Planning, and Thin Capitalization Rules \endash\xspace a Difference-in-Difference Approach},
 note      = {Working Paper, Zentrum für Europä\-ische Wirtschaftsforschung, \url{http://papers.ssrn.com/sol3/papers.cfm?abstract_id=945327} (Access date: 2011-11-18)},
 year      = {2011}
}


@unpublished{mintz2005,
 author    = {Mintz, Jack and Alfons J. Weichenrieder},
 title     = {Taxation and the Financial Structure of German Outbound FDI},
 note      = {Working Paper, CESifo, \url{http://papers.ssrn.com/sol3/papers.cfm?abstract_id=875306##} (Access date: 2011-11-18)},
 year      = {2005}
}


@unpublished{arnold2009,
 author    = {Arnold, Markus C. and Dominik Schreiber},
 title     = {Audits, Reputation, and Repeated Interaction in a Capital Budgeting Setting},
 note      = {Working Paper, SSRN, \url{http://papers.ssrn.com/sol3/papers.cfm?abstract_id=1935469} (Access date: 2011-11-18)},
 year      = {2009}
}


@incollection{offermanns2006,
    author = {René Offermanns},
    title = {Belgium},
    year = {2006},
    pages = {63-82},
    editor = {Juhani Kesti},
    booktitle = {European Tax Handbook 2006},
    publisher = {International Bureau of Fiscal Documentation},
    address = {Amsterdam}
}


@Article{arnold2011,
    author = {Arnold, Markus C. and Robert M. Gillenkirch},
    title = {Centralization Versus Delgation in an Experimental Capital Budgeting Setting},
    pages = {10-30},
    year = {2011},
    journal = {Business Research},
    volume = {4},
    number = {1},
    note = {\url{http://www.business-research.org/2011/1/accounting/2975/arnold-gillenkirch-centralization.pdf} (Access date: 2011-11-08)}
}
