% This file was created with JabRef 2.7.2.
% Encoding: Cp1252

@ARTICLE{Allsopp:2008,
  author = {Mike H. Allsopp and Willem J. de Lange and Ruan Veldtman},
  title = {Valuing Insect Pollination Services with Cost of Replacement},
  journal = {PLoS ONE},
  year = {2008},
  volume = {3},
  pages = {1-8},
  number = {9},
  owner = {Asus},
  timestamp = {2012.04.05}
}

@BOOK{Anderson:2010,
  title = {Environmental Economics and Natural Resource Management},
  publisher = {Routledge},
  year = {2010},
  author = {David A. Anderson},
  address = {New York, NY},
  edition = {3. Edition},
  owner = {Asus},
  timestamp = {2012.04.02}
}

@ARTICLE{Barbier:2007,
  author = {Edward B. Barbier},
  title = {Valuing Ecosystem Services as Productive Inputs},
  journal = {Economic Policy},
  year = {2007},
  volume = {49},
  pages = {177-229},
  owner = {Asus},
  timestamp = {2012.04.09}
}

@ARTICLE{Barbier:1994,
  author = {Edward B. Barbier},
  title = {Valuing Environmental Functions: Tropical Wetlands},
  journal = {Land Economics},
  year = {1994},
  volume = {20},
  pages = {155-173},
  number = {2},
  owner = {Asus},
  timestamp = {2012.04.10}
}

@INCOLLECTION{Baumgartner:2003,
  author = {Stefan Baumg\"artner},
  title = {Warum Messung und Bewertung biologischer Vielfalt nicht unabh\"angig
	voneinander m\"oglich sind},
  booktitle = {Messung und \"okonomische Biodiversit\"at: Mission impossible?},
  publisher = {Metropolis},
  year = {2003},
  editor = {Joachim Weimann \textit{et al.}},
  pages = {43-66},
  address = {Marburg},
  owner = {Asus},
  timestamp = {2012.04.03}
}

@ARTICLE{Baumgartner:2007,
  author = {Stefan Baumg\"artner},
  title = {The Insurance Value of Biodiversity in the Provision of Ecosystem
	Services},
  journal = {Natural Resource Modelling},
  year = {2007},
  volume = {20},
  pages = {87-127},
  number = {1},
  owner = {Asus},
  timestamp = {2012.04.05}
}

@INCOLLECTION{Bennet:2001,
  author = {Jeff Bennet and John Rolfe and Mark Morrison},
  title = {Remnant Vegetation and Wetlands Protection: Non-Market Valuation},
  booktitle = {The Choice Modelling Approach to Environmental Valuation},
  publisher = {Edward Elgar Publishing},
  year = {2001},
  editor = {Jeff Bennet and Russel Blamey},
  chapter = {5},
  pages = {93-114},
  address = {Cheltenham},
  owner = {Asus},
  timestamp = {2012.04.16}
}

@ARTICLE{Birol:2007,
  author = {Ekin Birol and Victoria Cox},
  title = {Using Choice Experiments to Design Wetland Management Programmes:
	The Case of Severn Estuary Wetland, UK},
  journal = {Journal of Environmental Planning and Management},
  year = {2007},
  volume = {50},
  pages = {363-380},
  number = {3},
  owner = {Asus},
  timestamp = {2012.04.17}
}

@ARTICLE{Carlsson:2003,
  author = {Fredrik Carlsson and Peter Frykblom and Carolina Liljenstolpe},
  title = {Valuing Wetland Attributes: An Applicaton of Choice Experiments},
  journal = {Ecological Economics},
  year = {2003},
  volume = {47},
  pages = {95-103},
  owner = {Asus},
  timestamp = {2012.04.16}
}

@BOOK{GBO:2010,
  title = {Global Biodiversity Outlook 3},
  publisher = {Convention on Biological Diversity},
  year = {2010},
  author = {CBD},
  address = {Montreal},
  organization = {Convention on Biological Diversity},
  owner = {Asus},
  timestamp = {2012.04.20}
}

@ARTICLE{Heal:1998,
  author = {Graciela Chichilnisky and Geoffrey Heal},
  title = {Economic Returns from the Biosphere},
  journal = {Nature},
  year = {1998},
  volume = {391},
  pages = {629-630},
  owner = {Asus},
  timestamp = {2012.04.09}
}

@ARTICLE{Church:2009,
  author = {Jennifer Church},
  title = {Avoiding Further Conflict: A Case Study of the New York City Watershed
	Land Acquisition Program in Delaware County, NY},
  journal = {Pace Environmental Law Review},
  year = {2009},
  volume = {27},
  pages = {393-410},
  owner = {Asus},
  timestamp = {2012.04.09}
}

@ARTICLE{Coase:1960,
  author = {Ronald H. Coase},
  title = {The Problem of Social Cost},
  journal = {Journal of Law and Economics},
  year = {1960},
  volume = {3},
  pages = {1-44},
  owner = {Asus},
  timestamp = {2012.04.03}
}

@ARTICLE{Constanza:1997,
  author = {Robert Costanza and Ralph dArge and Rudolf de Groot and Stephen Farberk
	and Monica Grasso and Bruce Hannon and
	
	Karin Limburg and Shahid Naeem and Robert V. ONeill and Jose Paruelo
	and Robert G. Raskin and Paul Suttonkk
	
	and Marjan van den Belt},
  title = {The Value of the Worlds Ecosystem Services and Natural Capital},
  journal = {Nature},
  year = {1997},
  volume = {387},
  pages = {253-260},
  owner = {Asus},
  timestamp = {2012.04.09}
}

@ARTICLE{Crocker:1992,
  author = {Thomas D. Crocker and John Tschirhart},
  title = {Ecosystems, Externalities, and Economics},
  journal = {Environmental and Resource Economics},
  year = {1992},
  volume = {2},
  pages = {551-567},
  owner = {Asus},
  timestamp = {2012.04.11}
}

@INCOLLECTION{Dasgupta:2007,
  author = {Partha Dasgupta},
  title = {Valuing Biodiversity},
  booktitle = {Encyclopedia of Biodiversity},
  publisher = {Elsevier Science Publishers},
  year = {2007},
  editor = {Simon A. Levin},
  pages = {291-304},
  owner = {Asus},
  timestamp = {2012.04.09}
}

@TECHREPORT{Deke:2004,
  author = {Oliver Deke},
  title = {Internalizing Global Externalities from Biodiversity -- Protected
	Areas and Multilateral Mechanisms of Transfer},
  institution = {Kiel Institute for World Economics},
  year = {2004},
  number = {No. 1226},
  address = {Kiel},
  editor = {Oliver Deke},
  owner = {Asus},
  publisher = {Kiel Institute for World Economics},
  timestamp = {2012.04.03}
}

@INCOLLECTION{Falco:2010,
  author = {Salvatore {Di Falco} and Jean-Paul Chavas},
  title = {On the Role of Crop Biodiversity in the Management of Environmental
	Risk},
  booktitle = {Biodiversity Economics: Principles, Methods and Applications},
  publisher = {Cambridge University Press},
  year = {2010},
  editor = {Andreas Kontoleon and Unai Pascual and Timothy Swanson},
  address = {Cambridge},
  owner = {Asus},
  timestamp = {2012.04.09}
}

@STANDARD{Eichner:2007,
  title = {Pricing the Ecosystem and Taxing Ecosystem Services: A General Equilibrium
	Approach: CESifo Working Paper: 1991},
  organization = {Center for Economic Studies \& Ifo Institute for Economic Research},
  institution = {CESifo Working Papers},
  author = {Thomas Eichner and R\"udiger Pethig},
  number = {CESifo Working Paper: 1991},
  address = {Munich},
  year = {2007},
  owner = {Asus},
  timestamp = {2012.04.18}
}

@STANDARD{Eichner:2004,
  title = {Economic Land Use, Ecosysten Services and Microfounded Species Dynamics:
	CESifo Working Paper: 1269},
  organization = {Center for Economic Studies \& Ifo Institute for Economic Research},
  institution = {CESifo Working Papers},
  author = {Thomas Eichner and R\"udiger Pethig},
  address = {Munich},
  year = {2004},
  owner = {Asus},
  timestamp = {2012.04.18}
}

@INCOLLECTION{Endres:2011,
  author = {Alfred Endres},
  title = {Standard-Oriented Instruments of Environmental Policy},
  booktitle = {Environmental Economics: Theory and Policy},
  publisher = {Cambridge University Press},
  year = {2011},
  chapter = {3},
  pages = {102-150},
  address = {Cambridge},
  edition = {4. Edition},
  owner = {Asus},
  timestamp = {2012.04.17}
}

@ELECTRONIC{EU:2011,
  author = {EU},
  year = {2011},
  title = {Press Release  of 3137th Council meeting: Agriculture and Fisheries},
  organization = {The Council of the European Union},
  url = {http://www.consilium.europa.eu/uedocs/cms_data/docs/pressdata/en/agricult/127031.pdf},
  owner = {Asus},
  timestamp = {2012.05.07}
}

@ELECTRONIC{FAO:2010,
  author = {FAO},
  year = {2010},
  title = {State of World Fisheries and Aquaculture 2010},
  organization = {Food and Agriculture Organization of the United Nations},
  address = {Rome},
  url = {www.fao.org/docrep/013/i1820e/i1820e.pdf},
  owner = {Asus},
  timestamp = {2012.04.03}
}

@ARTICLE{Flombaum:2008,
  author = {Pedro Flombaum and Osvaldo Sala},
  title = {Higher Effect of Plant Species Diversity on Productivity in Natural
	than Artificial Ecosystems},
  journal = {Proceedings of the National Academy of Sciences (PNAS)},
  year = {2008},
  volume = {104},
  pages = {6087-6090},
  number = {16},
  owner = {Asus},
  timestamp = {2012.04.05}
}

@INCOLLECTION{Folke:1992,
  author = {Carl Folke},
  title = {The Societal Value of Wetland Life Support},
  booktitle = {Linking the Natural Environment and the Economy: Essays from the
	Eco-Eco Group},
  publisher = {Kluwer Academic Publishers},
  year = {1992},
  editor = {Carl Folke and Thomas Kaberger},
  chapter = {8},
  pages = {141-171},
  edition = {2. Edition},
  owner = {Asus},
  timestamp = {2012.04.10}
}

@BOOK{Freeman:2003,
  title = {The Measurement of Environmental and Resource Values: Theory and
	Methods},
  publisher = {Resources for the Future},
  year = {2003},
  author = {A. Myrick III Freeman},
  address = {Washington},
  owner = {Asus},
  timestamp = {2012.04.06}
}

@ARTICLE{Giri:2010,
  author = {Chandra Giri and Ochieng E and Tieszen L and Zhu Z, Singh A, Loveland
	T and Masek J and Duke J .},
  title = {Status and Distribution of Mangrove Forests of the World using Observation
	Satellite Data},
  journal = {Global Ecology and Biogeography},
  year = {2010},
  volume = {20},
  pages = {154-159},
  number = {1},
  owner = {Asus},
  timestamp = {2012.04.09}
}

@ARTICLE{Gowdy:1997,
  author = {John M. Gowdy},
  title = {The Value of Biodiversity: Markets, Society, and Ecosystems},
  journal = {Land Economics},
  year = {1997},
  volume = {37},
  pages = {25-41},
  owner = {Asus},
  timestamp = {2012.04.09}
}

@ARTICLE{Hanemann:1991,
  author = {W. Michael Hanemann},
  title = {Willingness To Pay and Willingness To Accept: How Much Can They differ?},
  journal = {American Economic Review},
  year = {1991},
  volume = {81},
  pages = {635-647},
  owner = {Asus},
  timestamp = {2012.04.14}
}

@ARTICLE{Hardin:1968,
  author = {Garret Hardin},
  title = {The Tragedy of the Commons},
  journal = {Science},
  year = {1968},
  volume = {162},
  pages = {1243-1248},
  owner = {Asus},
  timestamp = {2012.04.30}
}

@BOOK{Heal:2000,
  title = {Nature and the Market Place: Capturing the Value of Ecosystem Services},
  publisher = {Island Press},
  year = {2000},
  author = {Heal, Geoffrey},
  address = {Washington},
  owner = {Asus},
  timestamp = {2012.04.04}
}

@ARTICLE{Holling:1973,
  author = {Crawford S. Holling},
  title = {Resilience and Stability of Ecological Systems},
  journal = {Annual Review of Ecology and Systematics},
  year = {1973},
  volume = {4},
  pages = {1-23},
  owner = {Asus},
  timestamp = {2012.04.06}
}

@BOOK{IPCC:2007,
  title = {IPCC Fourth Assessment Report : Working Group II: Impacts, Adaptation
	and Vulnerability},
  publisher = {Cambridge University Press},
  year = {2007},
  author = {IPCC},
  address = {Cambridge},
  institution = {Intergovernmental Panel on Climate Change},
  owner = {Asus},
  timestamp = {2012.04.05}
}

@BOOK{IUCN:2009,
  title = {Payments for Ecosystem Services: Legal and Institutional Frameworks},
  publisher = {IUCN Environmental Law Centre},
  year = {2009},
  editor = {Thomas Greiber},
  author = {IUCN},
  address = {Bonn},
  owner = {Asus},
  timestamp = {2012.04.19}
}

@ARTICLE{Kairo:2009,
  author = {Kairo, James and Wanjiru, Caroline and Ochiewo, Jacob},
  title = {Net Pay: Economic Analysis of a Replanted Mangrove Plantation in
	Kenya},
  journal = {Journal of Sustainable Forestry},
  year = {2009},
  volume = {28},
  pages = {395-414},
  owner = {Asus},
  timestamp = {2012.04.04}
}

@BOOK{Kooten:2004,
  title = {Climate Change Economics},
  publisher = {Edward Elgar Publishing},
  year = {2004},
  author = {G. Cornelis van Kooten},
  address = {Cheltenham},
  owner = {Asus},
  timestamp = {2012.04.03}
}

@ARTICLE{Kotchen:2000,
  author = {Matthew J. Kotchen and Stephen D. Reiling},
  title = {Environmental Attitudes, Motivations, and Contingent Valuation of
	Nonuse Values: a Case Study involving Endangered Species},
  journal = {Ecological Economics},
  year = {2000},
  volume = {32},
  pages = {93-107},
  owner = {Asus},
  timestamp = {2012.04.06}
}

@ARTICLE{Krutilla:1967,
  author = {John V. Krutilla},
  title = {Conservation reconsidered},
  journal = {The American Economic Review},
  year = {1967},
  volume = {57},
  pages = {777-786},
  owner = {Asus},
  timestamp = {2012.04.04}
}

@ARTICLE{laaz,
  author = {Jeffrey K. Lazo and Gary H. McClellanda and William D. Schulze},
  title = {Economic Theory and Psychology of Non-Use Values},
  journal = {Land Economics},
  year = {1997},
  volume = {73},
  pages = {358-371},
  number = {3},
  owner = {Asus},
  timestamp = {2012.04.06}
}

@ARTICLE{Loreau:2001,
  author = {Michel Loreau and S. Naeem and Inchausti and J. Bengtsson and J.
	P. Grime and A. Hector and D. U. Hooper and M. A. Huston and D. Raffaelli},
  title = {Biodiversity and Ecosystem Functioning: Current Knowledge and Future
	Challenges},
  journal = {Science},
  year = {2001},
  volume = {294},
  pages = {804-808},
  owner = {Asus},
  timestamp = {2012.04.05}
}

@INCOLLECTION{Maler:2005,
  author = {Karl-G\"oran M\"aler and Ing-Marie Gren and Carl Folke},
  title = {Multiple Use of Environmental Resources: A Household Production Function
	Approach to Valuing Natural Capital},
  booktitle = {Dimensions of of Environmental and Ecological Economics},
  publisher = {Universities (India) Press},
  year = {2005},
  editor = {Nirma Shandra Sahu and Amita Kumari Choudhouri},
  pages = {277-291},
  address = {Hyderabad},
  owner = {Asus},
  timestamp = {2012.04.10}
}

@BOOK{MA:2005,
  title = {Millennium Ecosystem Assessment: Current State and Trends},
  publisher = {Island Press},
  year = {2005},
  author = {MA},
  volume = {1},
  address = {Washington},
  owner = {Asus},
  timestamp = {2012.04.18}
}

@BOOK{MA:2005a,
  title = {Millennium Ecosystem Assessment: Ecosystems and Human Well-being:
	Biodiversity Synthesis},
  publisher = {Island Press},
  year = {2005},
  author = {MA},
  address = {Washington},
  owner = {Asus},
  timestamp = {2012.04.30}
}

@ARTICLE{Macilwain:1998,
  author = {Colin Macilwain},
  title = {When rhetoric hits reality in debate on bioprospecting},
  journal = {Nature},
  year = {1998},
  volume = {392, Issue 6676},
  pages = {535-540},
  owner = {Asus},
  timestamp = {2012.04.04}
}

@ARTICLE{Rai:2000,
  author = {Rai Maharana and E. Sharma},
  title = {Valuing Ecotourism in a Sacred Lake of the Sikkim Himalaya, India},
  journal = {Environmental Conservation},
  year = {2000},
  volume = {27},
  pages = {269-277},
  number = {3},
  owner = {Asus},
  timestamp = {2012.04.14}
}

@INCOLLECTION{Mason:1996,
  author = {Robin Mason},
  title = {Market Failure and Environmental Degradation},
  booktitle = {The Economics of Environmental Degradation},
  publisher = {Edward Elgar Publishing},
  year = {1996},
  editor = {Timothy M. Swanson},
  chapter = {2},
  pages = {29-54},
  address = {Cheltenham, Vermont},
  owner = {Asus},
  timestamp = {2012.04.03}
}

@INCOLLECTION{Melillo:2008,
  author = {Jerry Melillo and Osvaldo Sala},
  title = {Ecosystem Services},
  booktitle = {Sustaining Life: How Human Health Depends on Biodiversity},
  publisher = {Oxford University Press},
  year = {2008},
  editor = {Erich Chivian and Aaron Bernstein},
  chapter = {3},
  pages = {75-116},
  address = {New York,NY},
  owner = {Asus},
  timestamp = {2012.04.04}
}

@ARTICLE{Mendelsohn:1995,
  author = {Robert Mendelsohn and Michael J. Balick},
  title = {The Value of Undiscovered Pharmaceuticals in Tropical Forests},
  journal = {Economic Botany},
  year = {1995},
  volume = {49},
  pages = {223-228},
  number = {2},
  owner = {Asus},
  timestamp = {2012.04.09}
}

@INCOLLECTION{Milgrom:1993,
  author = {Paul Milgrom},
  title = {Is Sympathy an Economic Value? Philosophy, Economics and the Contingent
	Valuation Method},
  booktitle = {Contingent Valuation: A Critical Assesmenet},
  publisher = {Elsevier Science Publishers},
  year = {1993},
  chapter = {XI},
  pages = {417-435},
  address = {Amsterdam},
  owner = {Asus},
  timestamp = {2012.04.06}
}

@ARTICLE{Nav,
  author = {Stale Navrud and Eric D. Mungatana},
  title = {Environmental valuation in developing countries: The recreational
	value of wildlife viewing},
  journal = {Ecological Economics},
  year = {1994},
  volume = {11},
  pages = {135-151},
  owner = {Asus},
  timestamp = {2012.04.12}
}

@INCOLLECTION{Newman:2008,
  author = {David J. Newman and John Kilama and Aaron Bernstein and Eric Chivian},
  title = {Medicines from Nature},
  booktitle = {Sustaining Life: How Human Health Depends on Biodiversity},
  publisher = {Oxford University Press 2008},
  year = {2008},
  editor = {Eric Chivian and Aaaron Bernstein},
  chapter = {4},
  pages = {117-162},
  address = {New York, NY},
  owner = {Asus},
  timestamp = {2012.04.04}
}

@MANUAL{OECD:2010,
  title = {Paying for Biodiversity: Enhancing the Cost-Effectiveness of Payments
	for Ecosystem Services},
  author = {OECD},
  organization = {Organisation for Economic Co-operation and Development},
  address = {Paris},
  year = {2010},
  owner = {Asus},
  timestamp = {2012.04.19}
}

@BOOK{Pareto:1935,
  title = {The Mind and Society: The General Form of Society},
  publisher = {Harcourt, Brace \& Co.},
  year = {1935},
  editor = {Arthur Livingston},
  author = {Vilfredo Pareto},
  volume = {4},
  address = {New York, NY},
  edition = {1. Edition},
  owner = {Asus},
  timestamp = {2012.04.02}
}

@BOOK{Perman:2011,
  title = {Natural Resource and Environmental Economics},
  publisher = {Pearson},
  year = {2011},
  author = {Roger Perman and Yue Ma and Michael Common and David Maddison and
	James McGilvray},
  address = {Harlow},
  edition = {4. Edition},
  owner = {Asus},
  timestamp = {2012.04.11}
}

@INCOLLECTION{Perrings:1997,
  author = {Charles Perrings and Karl-G\"oran M\"aler and, Carl Folke and C.S.
	Holling and Bengt-Owe Jansson},
  title = {Introduction: Framing the Problem of Biodiversity Loss},
  booktitle = {Biodiversity Loss: Economic and Ecological Issues},
  publisher = {Cambridge University Press},
  year = {1997},
  editor = {Charles Perrings and Karl-G\"oran M\"aler and, Carl Folke and C.S.
	Holling and Bengt-Owe Jansson},
  chapter = {0},
  pages = {1-17},
  address = {Cambridge},
  owner = {Asus},
  timestamp = {2012.04.05}
}

@ARTICLE{Randall:1974,
  author = {Alan Randall and Berry Ives and Clyde Eastman},
  title = {Bidding Games for Valuation of Aesthetic Environmental Improvements},
  journal = {Journal of Environmental Economics and Management},
  year = {1974},
  volume = {1},
  pages = {132-149},
  owner = {Asus},
  timestamp = {2012.04.13}
}

@ARTICLE{Rausser:2000,
  author = {Rausser, Gordon C. and Small, Arthur A.},
  title = {Valuing Research Leads: Bioprospecting and the Conservation of Genetic
	Resources},
  journal = {Journal of Political Economy},
  year = {2000},
  volume = {108},
  pages = {173-206},
  number = {1},
  owner = {Asus},
  timestamp = {2012.04.04}
}

@ELECTRONIC{Ruitenbeek:1992,
  author = {Jack H. Ruitenbeek},
  year = {1992},
  title = {Mangrove Management: An Economic Analysis of Management Options with
	a Focus on Bintuni Bay, Irian Jaya},
  organization = {EMDI},
  address = {Halifax and Jakarta},
  institution = {Environmental Management Development in Indonesia Project (EMDI)},
  owner = {Asus},
  timestamp = {2012.04.09}
}

@ARTICLE{Shabman:1978,
  author = {Leonard A. Shabman and Sandra S. Batie},
  title = {The Economic Value of Coastal Wetlands: A Critique},
  journal = {Coastal Zone Management Journal},
  year = {1978},
  volume = {4},
  pages = {231-237},
  number = {3},
  owner = {Asus},
  timestamp = {2012.04.09}
}

@BOOK{Smith:1776,
  title = {The Wealth of Nations},
  publisher = {W. Strahan and T. Cadel},
  year = {1776},
  author = {Adam Smith},
  address = {London},
  owner = {Asus},
  timestamp = {2012.04.02}
}

@BOOK{Smith:1996,
  title = {Estimating Economic Values for Nature},
  publisher = {Edward Elgar Publishing},
  year = {1996},
  author = {Smith, Kerry},
  address = {Cheltenham},
  owner = {Asus},
  timestamp = {2012.04.12}
}

@INCOLLECTION{Stewart:2006,
  author = {Steven Stewart and James R. Kahn},
  title = {An Introduction to Choice Modeling for Non-Market Valuation},
  booktitle = {Handbook on Contingent Valuation},
  publisher = {Edward Elgar Publishing},
  year = {2006},
  editor = {Anna Alberini and Ja},
  chapter = {7},
  pages = {153-176},
  address = {Cheltenham},
  owner = {Asus},
  timestamp = {2012.04.16}
}

@ARTICLE{Sved:2003,
  author = {Henrik Sveds\"ater},
  title = {Economic Valuation of the Environment: How Citizens Make Sense of
	Contingent Valuation Questions},
  journal = {Land Economics},
  year = {2003},
  volume = {79},
  pages = {122-135},
  number = {1},
  owner = {Asus},
  timestamp = {2012.04.16}
}

@INCOLLECTION{Taylor:2006,
  author = {Laura O. Taylor},
  title = {Experimental Methods for the Testing and Design of Contingent Valuation},
  booktitle = {Handbook on Contingent Valuation},
  publisher = {Edward Elgar Publishing},
  year = {2006},
  editor = {Anna Alberini and James R. Kahn},
  chapter = {8},
  pages = {177-203},
  address = {Cheltenham},
  owner = {Asus},
  timestamp = {2012.04.14}
}

@BOOK{TEEB:2010,
  title = {The Economics of Ecosystems and Biodiversity: Ecological and Economic
	Foundations},
  publisher = {Earthscan},
  year = {2010},
  editor = {Pushpam Kumar},
  author = {TEEB},
  address = {London and Washington},
  owner = {Asus},
  timestamp = {2012.04.02}
}

@ARTICLE{Tilman:1996,
  author = {David Tilman and David Wedin and Johannes Knops},
  title = {Productivity and sustainability influenced by biodiversity in grassland
	ecosystems},
  journal = {Nature},
  year = {1996},
  volume = {397},
  pages = {718-720},
  owner = {Asus},
  timestamp = {2012.04.05}
}

@ARTICLE{Tobias:1991,
  author = {Tobias, Dave and Mendelsohn, Robert},
  title = {Valuing Ecotourism in a Tropical Rain-Forest Reserve},
  journal = {Ambio},
  year = {1991},
  volume = {20},
  pages = {91-93},
  owner = {Asus},
  timestamp = {2012.04.04}
}

@INCOLLECTION{Turner:1997,
  author = {R. Kerry Turner and Carl Folke and Ing-Marie Gren and I.J. Bateman},
  title = {Wetland valuation: three case studies},
  booktitle = {Biodiversity Loss: Economic and Ecological Issues},
  publisher = {Cambridge University Press},
  year = {1997},
  editor = {Charles Perrings and Karl-G\"oran M\"aler and, Carl Folke and C.S.
	Holling and Bengt-Owe Jansson},
  chapter = {4},
  pages = {129-149},
  address = {Cambridge},
  owner = {Asus},
  timestamp = {2012.04.10}
}

@ARTICLE{Liisa:2000,
  author = {Liisa Tyrv\"ainen and Antti Miettinen},
  title = {Property Prices and Urban Forest Amenities},
  journal = {Journal of Environmental Economics and Management},
  year = {2000},
  volume = {39},
  pages = {205-223},
  number = {2},
  owner = {Asus},
  timestamp = {2012.04.13}
}

@MANUAL{UN:2007,
  title = {Recommendations on Payments for Ecosystem Services in Integrated
	Water Resources Management},
  author = {UN/EC},
  organization = {United Nations / European Commission},
  address = {New York},
  year = {2007},
  owner = {Asus},
  timestamp = {2012.04.18}
}

@MANUAL{UNEP:2008,
  title = {Payments for Ecosystem Services Getting Started: A Primer},
  author = {UNEP},
  organization = {UNEP, The Katoomba Group, Forest Trends},
  address = {Nairobi},
  year = {2008},
  owner = {Asus},
  timestamp = {2012.04.18}
}

@INCOLLECTION{Weikard:2003,
  author = {Hans-Peter Weikard},
  title = {On the Quasi-Option Value of Biodiversity and Conservation},
  booktitle = {Risk and Uncertainty in Environmental and Natural Resource Economics},
  publisher = {Edward Elgar Publishing},
  year = {2003},
  editor = {Justus Wesseler and Hans-Peter Weikard and Robert D. Weaver},
  chapter = {3},
  pages = {23-38},
  address = {Cheltenham},
  owner = {Asus},
  timestamp = {2012.04.06}
}

@INCOLLECTION{Weimann:2003,
  author = {Joachim Weimann and S\"onke Hoffmann},
  title = {Brauchen wir eine \"okonomische Bewertung von Biodiversit\"at},
  booktitle = {Messung und \"okonomische Biodiversit\"at: Mission impossible?},
  publisher = {Metropolis},
  year = {2003},
  editor = {Joachim Weimann \textit{et al.}},
  pages = {17-42},
  address = {Marburg},
  owner = {Asus},
  timestamp = {2012.04.30}
}

@ARTICLE{Weisbrod:1964,
  author = {Burton A. Weisbrod},
  title = {Collective-Consumption Services of Individual-Consumption Goods},
  journal = {Quartely Journal of Economics},
  year = {1964},
  volume = {78},
  pages = {471-577},
  number = {3},
  owner = {Asus},
  timestamp = {2012.04.06}
}

@BOOK{Westman:1985,
  title = {Ecology, Impact Assessment and Environmental Planning},
  publisher = {John Wiley \& Sons},
  year = {1985},
  author = {Walter E. Westman},
  address = {New York},
  owner = {Asus},
  timestamp = {2012.04.05}
}

@ARTICLE{Willig:1976,
  author = {Robert D. Willig},
  title = {Consumer' Surplus Without Apology},
  journal = {American Economic Review},
  year = {1976},
  volume = {66},
  pages = {589-597},
  owner = {Asus},
  timestamp = {2012.04.14}
}

@BOOK{Wilson:1992,
  title = {The Diversity of Life},
  publisher = {Harvard University Press},
  year = {1992},
  author = {Edward O. Wilson},
  address = {Cambridge},
  owner = {Asus},
  timestamp = {2012.04.09}
}

@ARTICLE{Wunderb:2008,
  author = {Sven Wunder and Montserrat Alban},
  title = {Decentralized payments for environmental services: The cases of Pimampiro
	and PROFAFOR in Ecuador},
  journal = {Ecological Economics},
  year = {2008},
  volume = {65},
  pages = {685-698},
  number = {4},
  owner = {Asus},
  timestamp = {2012.04.19}
}

@ARTICLE{Wunder:2008,
  author = {Sven Wunder and Stefanie Engel and Stefano Pagiola},
  title = {Taking stock: A comparative analysis of payments for environmental
	services programs in developed and developing countries},
  journal = {Ecological Economics},
  year = {2008},
  volume = {65},
  pages = {834-852},
  number = {4},
  owner = {Asus},
  timestamp = {2012.04.19}
}

@comment{jabref-meta: selector_review:}

@comment{jabref-meta: selector_publisher:}

@comment{jabref-meta: selector_author:}

@comment{jabref-meta: selector_journal:}

@comment{jabref-meta: selector_keywords:}

