

@string{ACM = {The OX Association for Computing Machinery}}

@string{STOC = {Symposium on the Theory of Computing}}

@article{article-minimal,
   author = "L. A. Aamport",
   title = "The Gnats and Gnus Document Preparation System",
   journal = "\mbox{G-Animal's} Journal",
   year = "1986a",
}

@article{article-full,
   author = "L. A. Aamport",
   title = "The Gnats and Gnus Document Preparation System",
   journal = "\mbox{G-Animal's} Journal",
   year = "1986b",
   volume = "41",
   number = "7",
   pages = "73+",
   month = "Jul",
   note = "This is a full ARTICLE entry",
}

@inbook{inbook-minimal,
   author = "Donald E. Knuth",
   title = "Fundamental Algorithms",
   publisher = "Addison-Wesley",
   year = "1973",
   chapter = "1.2",
}

@inbook{inbook-full,
   author = "Donald E. Knuth",
   title = "Fundamental Algorithms",
   volume = "1",
   series = "The Art of Computer Programming",
   publisher = "Addison-Wesley",
   address = "{Reading, Massachusetts}",
   edition = "second",
   month = "10~Jan",
   year = "1973a",
   type = "section",
   chapter = "1.2",
   pages = "10--119",
   note = "This is a full INBOOK entry",
}

@book{book-minimal,
   author = "Donald E. Knuth",
   title = "Seminumerical Algorithms",
   publisher = "Addison-Wesley",
   year = "1981",
}

@book{book-full,
   author = "Donald E. Knuth",
   title = "Seminumerical Algorithms",
   volume = "2",
   series = "The Art of Computer Programming",
   publisher = "Addison-Wesley",
   address = "{Reading, Massachusetts}",
   edition = "second",
   month = "10~Jan",
   year = "1981c",
   note = "This is a full BOOK entry",
}

@booklet{booklet-full,
   author = "Jill C. Knvth",
   title = "The Programming of Computer Art",
   howpublished = "Vernier Art Center",
   address = "{Stanford, California}",
   month = "Feb",
   year = "1988",
   note = "This is a full BOOKLET entry",
}

@incollection{incollection-minimal,
   author = "Daniel D. Lincoll",
   title = "Semigroups of Recurrences",
   booktitle = "High Speed Computer and Algorithm Organization",
   publisher = "Academic Press",
   year = "1977a",
}

@incollection{incollection-full,
   author = "Daniel D. Lincoll",
   title = "Semigroups of Recurrences",
   editor = "David J. Lipcoll and D. H. Lawrie and A. H. Sameh",
   booktitle = "High Speed Computer and Algorithm Organization",
   number = "23",
   series = "Fast Computers",
   chapter = "3",
   type = "part",
   pages = "179--183",
   publisher = "Academic Press",
   address = "New York",
   edition = "third",
   month = "Sep",
   year = "1977b",
   note = "This is a full INCOLLECTION entry",
}

@book{whole-collection,
   editor = "David J. Lipcoll and D. H. Lawrie and A. H. Sameh",
   title = "High Speed Computer and Algorithm Organization",
   booktitle = "High Speed Computer and Algorithm Organization",
   number = "23",
   series = "Fast Computers",
   publisher = "Academic Press",
   address = "New York",
   edition = "third",
   month = "Sep",
   year = "1977c",
   note = "This is a cross-referenced BOOK (collection) entry",
}

@manual{manual-minimal,
   title = "The Definitive Computer Manual",
   note = "This is a minimal MANUAL entry",
}

@manual{manual-full,
   author = "Larry Manmaker",
   title = "The Definitive Computer Manual",
   organization = "Chips-R-Us",
   address = "Silicon Valley",
   edition = "silver",
   month = "Apr-May",
   year = "1986",
   note = "This is a full MANUAL entry",
}

@manual{manual-question,
   author = "Larry Manmaker",
   title = "Are Computer Manuals Useful?",
   organization = "Chips-R-Us",
   year = "1984",
}

@mastersthesis{mastersthesis-minimal,
   author = "{\'E}douard Masterly",
   title = "Mastering Thesis Writing",
   school = "Stanford University",
   year = "1988a",
}

@mastersthesis{mastersthesis-full,
   author = "{\'E}douard Masterly",
   title = "Mastering Thesis Writing",
   school = "Stanford University",
   type = "Master's project",
   address = "English Department",
   month = "Jun-Aug",
   year = "1988b",
   note = "This is a full MASTERSTHESIS entry",
}

@misc{misc-full,
   author = "Joe-Bob Missilany",
   title = "Handing out random pamphlets in airports",
   howpublished = "Handed out at O'Hare",
   month = "Oct",
   year = "1984",
   note = "This is a full MISC entry",
}


@inproceedings{inproceedings-minimal,
   author = "Alfred V. Oaho and Jeffrey D. Ullman and Mihalis Yannakakis",
   title = "On Notions of Information Transfer in VLSI Circuits",
   booktitle = "Proc. Fifteenth Annual " # STOC,
   year = "1983a",
}

@inproceedings{inproceedings-full,
   author = "Alfred V. Oaho and Jeffrey D. Ullman and Mihalis Yannakakis",
   title = "On Notions of Information Transfer in VLSI Circuits",
   editor = "Wizard V. Oz and Mihalis Yannakakis",
   booktitle = "Proc. Fifteenth Annual " # STOC,
   number = "17",
   series = "All ACM Conferences",
   pages = "133--139",
   month = "Mar",
   year = "1983b",
   address = "Boston",
   organization = ACM,
   publisher = "Academic Press",
   note = "This is a full INPROCEDINGS entry",
}

@proceedings{proceedings-minimal,
   title = "Proc. Fifteenth Annual " # STOC,
   year = "1983",
}

@proceedings{proceedings-full,
   editor = "Wizard V. Oz and Mihalis Yannakakis",
   title = "Proc. Fifteenth Annual " # STOC,
   number = "17",
   series = "All ACM Conferences",
   month = "Mar",
   year = "1983",
   address = "Boston",
   organization = ACM,
   publisher = "Academic Press",
   note = "This is a full PROCEEDINGS entry",
}

@phdthesis{phdthesis-minimal,
   author = "F. Phidias Phony-Baloney",
   title = "Fighting Fire with Fire: Festooning French Phrases",
   school = "Fanstord University",
   year = "1988a",
}

@phdthesis{phdthesis-full,
   author = "F. Phidias Phony-Baloney",
   title = "Fighting Fire with Fire: Festooning French Phrases",
   school = "Fanstord University",
   type = "PhD Dissertation",
   address = "Department of French",
   month = "Jun-Aug",
   year = "1988b",
   note = "This is a full PHDTHESIS entry",
}

@techreport{techreport-minimal,
   author = "Tom Terrific",
   title = "An {$O(n \log n / \! \log\log n)$} Sorting Algorithm",
   institution = "Fanstord University",
   year = "1988",
}

@techreport{techreport-full,
   author = "Tom T\'{e}rrific",
   title = "An {$O(n \log n / \! \log\log n)$} Sorting Algorithm",
   institution = "Fanstord University",
   type = "Wishful Research Result",
   number = "7",
   address = "{Computer Science Department, Fanstord, California}",
   month = "Oct",
   year = "1988",
   note = "This is a full TECHREPORT entry",
}

@unpublished{unpublished-minimal,
   author = {Ulrich \"{U}nderwood and Ned {\~N}et and Paul \={P}ot},
   title = "Lower Bounds for Wishful Research Results",
   note = "Talk at Fanstord University (this is a minimal UNPUBLISHED entry)",
}

@unpublished{unpublished-full,
   author = {Ulrich \"{U}nderwood and Ned {\~N}et and Paul \={P}ot},
   title = "Lower Bounds for Wishful Research Results",
   month = "{Nov, Dec}",
   year = "1988",
   note = "Talk at Fanstord University (this is a full UNPUBLISHED entry)",
}

@unpublished{unpublished-minimal2,
   author = "Ulrich Overwood and Ned {\~N}et and Paul \={P}ot",
   title = "Lower Bounds for Wishful Research Results",
}

@unpublished{unpublished-full2,
   author = "Ulrich Overwood and Ned {\~N}et and Paul \={P}ot",
   title = "Lower Bounds for Wishful Research Results",
   month = "{Nov, Dec}",
   year = "1988",
}

@misc{url-demo,
   author = "Zden\v{e}k Wagner",
   title = "Internet Home Page",
   note = "\url{http://icebearsoft.euweb.cz}"
}

