@article{Agarwal2000,
 author = {Agarwal, Ritu and Karahanna, Elena},
 title = {Time Flies when You're having Fun: Cognitive Absorption and Beliefs about Information Technology Usage},
 journal = {MIS Quaterly},
 issue_date = {December 2000},
 volume = {24},
 number = {4},
 month = dec,
 year = {2000},
 issn = {0276-7783},
 pages = {665--694},
 numpages = {30},
 doi = {10.2307/3250951},
 acmid = {2017129},
 publisher = {Society for Information Management and The Management Information Systems Research Center},
 address = {Minneapolis, MN, USA},
 keywords = {cognitive absorption, user behavior toward information technology, user beliefs, world-wide web},
} 

@book{ajzen1988attitudes,
  title={Attitudes, personality and behavior},
  author={Ajzen, Icek},
  isbn={9780335158546},
  lccn={gb88035356},
  series={Mapping social psychology},
  url={https://books.google.fr/books?id=zlMkAQAAIAAJ},
  year={1988},
  publisher={Open University Press}
}

@article{AJZEN1991179,
title = "The theory of planned behavior",
journal = "Organizational Behavior and Human Decision Processes",
volume = "50",
number = "2",
pages = "179 - 211",
year = "1991",
note = "",
issn = "0749-5978",
doi = "10.1016/0749-5978(91)90020-T",
author = "Icek Ajzen",
}

@inproceedings{Ghani:1991:EFC:126686.150736,
 author = {Ghani, Jawaid A. and Supnick, Roberta and Rooney, Pamela},
 title = {The Experience of Flow in Computer-mediated and in Face-to-face Groups},
 booktitle = {Proceedings of the Twelfth International Conference on Information Systems},
 series = {ICIS '91},
 year = {1991},
 location = {New York, New York, USA},
 pages = {229--237},
 numpages = {9},
 acmid = {150736},
 publisher = {University of Minnesota},
 address = {Minneapolis, MN, USA},
}

@book{Shneiderman:1997:DUI:523237,
 author = {Shneiderman, Ben},
 title = {Designing the User Interface: Strategies for Effective Human-Computer Interaction},
 year = {1997},
 isbn = {0201694972},
 edition = {3rd},
 publisher = {Addison-Wesley Longman Publishing Co., Inc.},
 address = {Boston, MA, USA},
}

@inproceedings{Tractinsky:1997:AAU:258549.258626,
 author = {Tractinsky, Noam},
 title = {Aesthetics and Apparent Usability: Empirically Assessing Cultural and Methodological Issues},
 booktitle = {Proceedings of the ACM SIGCHI Conference on Human Factors in Computing Systems},
 series = {CHI '97},
 year = {1997},
 isbn = {0-89791-802-9},
 location = {Atlanta, Georgia, USA},
 pages = {115--122},
 numpages = {8},
 url = {http://doi.acm.org/10.1145/258549.258626},
 doi = {10.1145/258549.258626},
 acmid = {258626},
 publisher = {ACM},
 address = {New York, NY, USA},
 keywords = {aesthetics, apparent usability, cross-cultural HCI, human-computer interface, system acceptability},
} 

@article{pittir13924,
          volume = {9},
          number = {20},
          author = {Ping Zhang and I Benbasat and J Carey and F Davis and Dennis F Galletta and D Strong},
            note = {Permission to view the full-text article is subject to the publisher's access restrictions.},
           title = {Human-Computer Interaction Research in the MIS Discipline},
       publisher = {Association for Information Systems},
            year = {2002},
         journal = {Communications of the Association for Information Systems},
           pages = {334--355},
             url = {http://d-scholarship.pitt.edu/13924/},
}

@Article{doedoe2016a,
  author = 	 {Doe, Jack and Doe, Jane},
  title = 	 {A good Jack Doe's article},
  journal = 	 {Another good journal},
  year = 	 {2016},
}

@Article{doedoe2016b,
  author = 	 {Doe, John and Doe, Jane},
  title = 	 {A good John Doe's article},
  journal = 	 {A good journal},
  year = 	 {2016},
}

@Article{doedoe2016c,
  author = 	 {Doe, John and Doe, Jane},
  title = 	 {Second John Doe's good article},
  journal = 	 {Second good journal},
  year = 	 {2016},
}


