%% This BibTeX bibliography file was created using BibDesk.
%% http://bibdesk.sourceforge.net/


%% Created for Jason Lassaline at 2011-02-04 10:44:24 -0500 


%% Saved with string encoding Unicode (UTF-8) 



@book{Ryerson:v1,
	Author = {E Ryerson},
	Publisher = {William Briggs, James Cambell \& Son, and Willing \& Williamson.},
	Title = {The Loyalists of America and Their Times, Vol. 1 of 2. From 1620-1816},
	Volume = {1},
	Year = {1880}}

@book{Ryerson:v2,
	Author = {E Ryerson},
	Publisher = {William Briggs, James Cambell \& Son, and Willing \& Williamson.},
	Title = {The Loyalists of America and Their Times, Vol. 2 of 2. From 1620-1816},
	Volume = {2},
	Year = {1880}}

@book{Ryerson:bio,
	Author = {E Ryerson},
	Date-Modified = {2011-02-04 10:43:25 -0500},
	Publisher = {William Briggs},
	Title = {The Story of My Life},
	Url = {http://books.google.ca/books?id=i94BAAAAMAAJ&ots=vgfHDksYH8&dq=egerton%20ryerson&lr&pg=PR9#v=onepage&q&f=false},
	Year = {1884}}
