@bookinbook{BHG226a,
	Author = {{Alexandre de Chypre}},
	Crossref = {CCSG26a},
	Bookineditor = {Van Deun, Peter},
	Pages = {83-122},
	Title = {Laudatio Barnabae}
}
@book{CCSG26a,
	Editor = {Peter Van Deun and Jacques Noret},
	Number = {26},
	Series = {Corpus Christianorum Series Graeca},
	Title = {Hagiographica Cypria}}

@bookinbook{BHG225a,
	Crossref = {AAA2.2a},
	Pages = {292-302},
	Title = {Acta Barnabae}
}
@book{AAA2.2a,
	Editor = {Maximilien Bonnet},
	Date = {1903},
	Location = {Leipzig},
	Publisher = {Hermann Mendelssohn},
	Title = {Acta Apostolorum Apocrypha},
	Volume = {2.2}}
