@mvcollection{HistoireduChristianisme,
	Address = {Paris},
	Date = {1992/2001}, 
	Editor = {Pietri, Charles and Pietri, Luce and Vauchez, André and Venard, Marc and Mayeur Jean-Marie},  
	Publisher = {Desclée},
	Subtitle = {des origines à nos jours},
	Title = {Histoire du christianisme}, 
	Volumes = {20}}

@collection{Pietri1998,
	Crossref = {HistoireduChristianisme},
	Date = {1998}, 
	Date-Added = {2014-11-05 12:44:24 +0000},
	Date-Modified = {2014-11-13 20:10:06 +0000},
	Editor = {Luce Pietri},
	Title = {Les Églises d'Orient et d'Occident},
	Volume = {3}}

@incollection{Maraval1998,
	Author = {Pierre Maraval},
	Crossref = {Pietri1998},
	Pages = {107-145},
	Title = {La réception de Chalcédoine dans l'empire d'Orient}}
