@article{munn1999,
	Author = {Alan Munn},
	Journal = {Linguistic Inquiry},
	Pages = {643-668},
	Title = {First Conjunct Agreement: Against a Clausal Analysis},
	Volume = {30},
	Year = {1999}}

@article{Munn2005,
	Author = {Alan Munn and Cristina Schmitt},
	Journal = {Lingua},
	Pages = {821-855},
	Title = {Number and Indefinites},
	Volume = {115},
	Year = {2005}}
