%% This BibTeX bibliography file was created using BibDesk.
%% http://bibdesk.sourceforge.net/

@misc{omitifnone,
    Key = {{\textcolor{blue}{\textbf{Omit if none.}}}},
    }

@book{Schlichting:2000,
	Address = {Berlin},
	Author = {Schlichting, Herrmann and Gersten, Klaus},
	Booktitle = {Boundary Layer Theory},
	Edition = {8th},
	Publisher = {Springer},
	Title = {Boundary Layer Theory},
	Year = 2000}
