

@manual{Lsabon,
  author =        {Boris Veytsman},
  month =         {August},
  note =          {\url{http://mirrors.ctan.org/fonts/lsabon/}},
  title =         {Support files for the {L}inotype {S}abon Fonts},
  year =          {2015},
}

@manual{Imprintshadow,
  author =        {Boris Veytsman},
  month =         {August},
  note =          {\url{http://mirrors.ctan.org/fonts/imprintshadow/}},
  title =         {{\LaTeX} Support for {M}onotype {I}mprint {S}hadow
                   {F}ont},
  year =          {2012},
}

@manual{Daly07:Natbib,
  author =        {Patrick W. Daly},
  month =         {February},
  note =
  {\url{http://mirrors.ctan.org/macros/latex/contrib/natbib}},
  title =         {Natural Sciences Citations and References
                   (Author-Year and Numerical Schemes)},
  year =          {2009},
}

@manual{instr-l,
  month =         {August},
  note =
  {\url{http://mirrors.ctan.org/macros/latex/required/amslatex/classes/instr-l.pdf}},
  organization =  {American Mathematical Society},
  title =         {Instructions for Preparation of Papers and
                   Monographs, {AMS\LaTeX}},
  year =          {2004},
}

@Article{Jackowski08:TeXBeatiesOddities,
  author = 	 {Pawe{\l} Jackowski},
  title = 	 {{\TeX} Beauties and Oddities},
  journal = 	 {TUGboat},
  year = 	 2008,
  volume =	 29,
  pages =	 {207--215},
  note =	 {\url{http://www.tug.org/TUGboat/tb29-1/tb91pearls.pdf}}
}


