

@manual{Gregorio:Kantlipsum,
  author =        {Enrico Gregorio},
  month =         {December},
  note =
  {\url{http://mirrors.ctan.org/macros/latex/contrib/kantlipsum}},
  title =         {The kantlipsum Package. Dummy text in
                   {K}antian Style},
  year =          {2011},
}

@article{Hoff10,
  author = {Hoff, Karla},
  title = {Fairness in Modern Society},
  journal = {Science},
  volume = 327,
  number = 5972,
  pages = {1467--1468},
  doi = {10.1126/science.1188537},
  year = 2010,
  URL = {http://www.sciencemag.org},
  eprint = {http://www.sciencemag.org/cgi/reprint/327/5972/1467.pdf}
}


@book{Knuth94:TheTeXbook,
  address =       {Reading, MA},
  author =        {Knuth, Donald Ervin},
  titlenote =          {Illustrations by Duane Bibby},
  publisher =     {Addison-Wesley Publishing Company},
  series =        {Computers \& Typesetting A},
  title =         {The \TeX book},
  year =          {1994},
}

@book{Landau5,
    author  = {L. D. Landau and E. M. Lifshitz},
    title   = {Statistical Physics},
    year    = {1980--1981},
    volume  = 5,
    publisher = {Pergamon Press},
    address = {Oxford; New York},
    series =	 {Theoretical Physics}, 
    edition =	 {Third},
    titlenote =	 {Rev. and Enl. by E.~M.~Lifshitz and L.~P.~Pitaevskii}

}

@InCollection{Rao07:BeliefPropagation,
  author = 	 {Rajesh P. N. Rao},
  title = 	 {Neural Models of {B}ayesian Belief Propagation},
  booktitle = 	 {Bayesian Brain: Probabilictic Approaches to Neural Coding},
  crossref =	 {BayesianBrain2007},
  chapter =      11,
  pages =	 {239--267}
}

@Book{BayesianBrain2007,
  editor =	 {Doya, Kenji and Ishii, Shin and Pouget, Alexandre 
                  and Rao, Rajesh P. N.},
  title = 	 {Bayesian Brain: Probabilistic Approaches to Neural Coding},
  booktitle = 	 {Bayesian Brain: Probabilistic Approaches to Neural Coding},
  publisher = 	 {The MIT Press},
  year = 	 2007,
  series =	 {Computational Neuroscience},
  address =	 {Cambridge, MA; London, England},
  isbn =         {026204238X},
  keywords =     {bayesian, computational, neural-implementation, 
                  probabilistic-inference, probabilistic-reasoning},
}

@inloosecollection{faga06a,
  author = {Fagan, Andrew},
  title = {Human Rights},
  booktitle = {Internet Encyclopedia of Philosophy},
  year = {2006},
  bdsk-url-1 = {http://www.iep.utm.edu/h/hum-rts.htm},
  owner = {Andrew},
  timestamp = {2013.07.05},
  url = {http://www.iep.utm.edu/h/hum-rts.htm},
}

@ARTICLE{bochnga,
  author = {Bourget, David and David J. Chalmers},
  title = {What Do Philosophers Believe?},
  journal = {Philosophical Studies},
  year = {Forthcoming},
  pages = {(in press)},
  date-modified = {2013-07-11 22:10:39 +0000},
  owner = {Andrew},
  timestamp = {2013.07.11}
}

@book{aqui51a,
	Address = {Turin},
	Author = {Aquinas},
	Date-Added = {2013-07-11 22:09:46 +0000},
	Date-Modified = {2013-07-15 03:00:18 +0000},
	Edition = {5th},
	Publisher = {Marietti},
	Title = {Super Evangelium S. Matthaei lectura, Reportatio Leodegarii Bissuntini},
	Titlenote = {Edited by R. Cai},
	Year = {1951}}



@Incollection{Mapas12,
  author =	 {J. Mapas},
  title = 	 {Donald Davidson},
  booktitle = 	 {The Stanford Encyclopedia of Philosophy},
  year = 	 2012,
  edition =	 {Winter 2012},
  editor =    {Edward N. Zalta},
  URL =          {http://plato.stanford.edu/archives/win2012/entries/davidson/}
}

@incollection{ande97a,
	Address = {Macon, GA},
	Author = {Anderson, Thomas C.},
	Booktitle = {Concluding Unscientific Postscript to \enquote{Philosophical Fragments,\suppresscomma}},
	Date-Modified = {2013-09-04 21:27:17 +0000},
	Editor = {Robert Perkins},
	Owner = {Andrew},
	Pages = {187--204},
	Publisher = {Mercer University Press},
	Series = {International Kierkegaard Commentary},
	Timestamp = {2013.09.04},
	Title = {Kierkegaard and Approximation Knowledge},
	Volume = {12},
	Year = {1997}}

@incollection{irig93a,
	Address = {Ithaca, NY},
	Author = {Irigaray, Luce},
	Booktitle = {An Ethics of Sexual Difference},
	Date-Added = {2015-06-23 16:44:30 +0000},
	Date-Modified = {2015-06-23 16:44:30 +0000},
	Publisher = {Cornell University Press},
	Title = {Wonder: A Reading of Descartes' \ensquote{Passions of the Soul.}},
	Year = {1993}}
