@Book{germanistik,
  editor	=		{{Bergische Universität Wuppertal}},
  title		=		{Germanistik in Wuppertal – Informationen zum Studium},
  shorttitle=		{Germanistik},
  edition	=		{5., aktual. Aufl.},
  location	=		{Wuppertal},
  date		=		{2012},
}

@Book{selbst-mono,
  author	=		{Sigmund von Lempicki},
  title		=		{Geschichte der deutschen Literaturwissenschaft bis zum Ende des 18. Jahrhunderts},
  shorttitle=		{Geschichte der dt. Lit.},
  edition	=		{2., durchges. u. verm. Aufl.},
  location	=		{Göttingen},
  date		=		{1968},
}

@Book{selbst-mono-2test,
  author	=		{Sigmund von Lempicki},
  title		=		{Was anderes},
  shorttitle=		{anderes},
  edition	=		{2},
  location	=		{Göttingen},
  date		=		{1968},
}

@Book{selbst-mono2,
  author	=		{Burkhard Moenninghoff and Eckhard Meyer-Krentler},
  title		=		{Arbeitstechniken Literaturwissenschaft},
  shorttitle=		{Arbeitstechniken},
  edition	=		{11., korr. u. aktual. Aufl.},
  location	=		{München},
  date		=		{2003},
}

@Collection{selbst-sammel,
  editor	=		{Ulrich Broich and Manfred Pfister},
  title		=		{Intertextualität. Formen, Funktionen, anglistische Fallstudien},
  shorttitle=		{Intertextualität},
  edition	=		{},
  location	=		{Tübingen},
  date		=		{1985},
}

@Collection{selbst-lexikon-parent,
  options	=		{useeditor=false},
  editor	=		{Harald Fricke and Jan-Dirk Müller and Klaus Weimar},
  title		=		{Reallexikon der deutschen Literaturwissenschaft},
  shorttitle=		{Reallexikon},
  edition	=		{3. Aufl.},
  location	=		{Berlin},
  date		=		{1997/2003},
  volumes	=		{3},
}

@InCollection{unselbst-lexikon,
  xref		=		{selbst-lexikon-parent},
  author	=		{Irgendein Autor},
  title		=		{Realieneintrag},
  volume	=		{2},
  date		=		{1998},
  pages		=		{444-445},
  options	=		{skipbib=true},
}

@InCollection{unselbst-sammel,
  author	=		{Andreas Mahler},
  title		=		{Aspekte des Dramas},
  editor	=		{Helmut Brackert and Jörn Stückrath},
  booktitle	=		{Literaturwissenschaft. Ein Grundkurs},
  shorttitle=		{Grundkurs},
  edition	=		{},
  location	=		{Reinbek},
  date		=		{1992},
  pages		=		{71-85},
}

@InCollection{unselbst-sammel2,
  author	=		{Michael Titzmann},
  title		=		{Theoretisch-methodologische Probleme einer Semiotik der Text-Bild-Relationen},
  editor	=		{Wolfgang Harms},
  booktitle	=		{Text und Bild, Bild und Text. DFG-Symposion 1988},
  shorttitle=		{Semiotik},
  edition	=		{},
  location	=		{Stuttgart},
  date		=		{1990},
  pages		=		{368-384},
}

@Collection{selbst-lexikon2-parent,
  options	=		{useeditor=false},
  editor	=		{Ansgar Nünning},
  title		=		{Metzler-Lexikon Literatur- und Kulturtheorie. Ansätze – Personen – Grundbegriffe},
  edition	=		{2. überarb. u. erw. Aufl.},
  location	=		{Stuttgart},
  date		=		{2001},
}

@InCollection{unselbst-lexikon2,
  xref		=		{selbst-lexikon2-parent},
  author	=		{Werner Wolf},
  title		=		{Metafiktion},
  shorttitle=		{Metafiktion},
  pages		=		{429},
  options	=		{skipbib=true},
}

@InBook{unselbst-sammel-ders,
  author	=		{Friedrich Schiller},
  title		=		{Wallenstein},
  bookauthor=		{Friedrich Schiller},
  maintitle	=		{Sämtliche Werke},
  shorttitle=		{Werke},
  editor	=		{Gerhard Fricke and Herbert G. Göpfert},
  edition	=		{4. durchges. Aufl.},
  location	=		{München},
  year		=		{1965},
  volumes	=		{5},
  volume	=		{2},
  booktitle	=		{Dramen 2},
  pages		=		{269-547},
}

@Article{unselbst-zeitsch,
  author	=		{Malcom Pasley},
  title		=		{Zur Datierung von Kafkas ‚Ein Traum‘},
  shorttitle=		{Datierung},
  journal	=		{Euphorion},
  year		=		{1996},
  volume	=		{90},
  pages		=		{336-343},
}

@Article{unselbst-zeitsch2,
  author	=		{Thomas Zabka},
  title		=		{Vom Nutzen des literarischen Erzählens für die sprachliche Sozialisation. Didaktische Überlegungen am Beispiel der narratologischen Kategorie \enquote{Stimme}},
  shorttitle=		{Vom Nutzen},
  journal	=		{Der Deutschunterricht},
  year		=		{2005},
  volume	=		{57},
  number	=		{2},
  pages		=		{40-49},
}

@Article{unselbst-zeitung,
  author	=		{Georg Jappe},
  title		=		{Die Unsichtbarkeit des Wirklichen. ‚Zeit der Beschreibung‘ – Jochen Gerz und sein zweites Buch},
  shorttitle=		{Unsichtbarkeit},
  journal	=		{Die Zeit},
  date		=		{1977-08-05},
  year		=		{1977},
  pages		=		{38},
}