@InCollection{Meltzer,
  crossref =     {Vogelstein},
  author = 	 {P S Meltzer and A Kallioniemi and J M Trent},
  title = 	 {Chromosome alterations in human solid tumors},
  publisher = 	 {McGraw-Hill},
  year =         2002,
  pages = 	 {93-113}}

@Book{Vogelstein,
  editor = 	 {B Vogelstein and K W Kinzler},
  booktitle = 	 {The genetic basis of human cancer}},
  publisher = 	 {McGraw-Hill},
  year = 	 2002,
  address = 	 {New York}}

@Book{Murray,
  author =       {P R Murray and K S Rosenthal and G S Kobayashi and 
                  M A Pfaller},
  title =        {Medical microbiology},
  publisher =    {Mosby},
  year =         2002,
  edition =      {4th},
  address =      {St.~Louis}}

@Article{Rose,
  author = 	 {M E Rose and M B Huerbin and J Melick and D W Marion
                  and A M Palmer and J K Schiding an others},
  title = 	 {Regulation of interstitial excitatory amino acid
                  concentrations after cortical contusion injury},
  journal = 	 {Brain research},
  year = 	 2002,
  volume = 	 935,
  number = 	 {1--2},
  pages = 	 {40-46}}

@Article{Halpern,
  author = 	 {S D Halpern and P A Ubel and A L Caplan},
  title = 	 {Solid-organ transplantation in {HIV}-infected patients},
  journal = 	 {{New England} journal of medicine},
  year = 	 2002,
  volume = 	 347,
  pages = 	 {284-287}}

@Misc{NIH,
  author = 	 {{National institue of health}},
  title = 	 {International committee of medical journal editors 
                  uniforum requirements for manuscripts submitted to 
                  biomedical journals},
  howpublished = {Updated 2009 Aug 28; cited 2009 Oct 6},
  note = 	 {Available from 
                  \url{http://www.nlm.nih.gov/bsd/uniform_requirements.html}}}

