@BOOK{latex04,
  AUTHOR =       {Frank Mittelbach and Michel Goossens},
  TITLE =        {The \LaTeX\ Companion},
  PUBLISHER =    {Addison-Wesley},
  YEAR =         {2004},
  address =      {Reading, MA, USA},
  edition =      {2nd}
}

