% Encoding: UTF-8

@Inexhibcatalog{Tjarks2005,
  author   = {Tjarks, Torsten},
  title    = {Kat.-Nr. 313},
  year     = {2005},
  crossref = {AusstellungBonn2005},
  keywords = {InAusstellung},
  pages    = {476},
}

@Inbook{Smith2004,
  author   = {Smith, Jeffrey Chipps},
  title    = {Medals and the Rise of German Portrait Sculpture},
  year     = {2004},
  pages    = {271--299},
  crossref = {Satzinger2004},
}

@Inexhibcatalog{Giese,
  author   = {Giese, Martina and Lutz, Gerhard and Wolter-von dem Knesebeck, Harald},
  title    = {Hildesheim},
  subtitle = {Center of Medieval Art},
  crossref = {AusstellungNewYork2013},
  keywords = {InAusstellung},
  pages    = {3--20},
}

@Inexhibcatalog{Luettichau2006,
  author   = {von Lüttichau, Mario-Andreas},
  title    = {\enquote{Man glaubte, das Werk vor seinen Augen entstehen zu sehen...}},
  subtitle = {Karl Ernst Osthaus und Auguste Rodin},
  crossref = {AusstMuenchen2006},
  keywords = {InAusstellung},
  pages    = {44–-53},
}

@inexhibcatalog{Hansmann1997,
  title = {Zur Kunstliteratur des Seicento in Rom: Theorie und Praxis im Dialog},
  timestamp = {2016-07-27T10:45:20Z},
  author = {Hansmann, Martina},
  pages = {37--46},
  crossref = {AusstBonnEremitage},
  keywords = {InAusstellung},
}

@Catalog{KatFrankfurt0510,
  editor   = {Neumeister, Mirjam and Krempel, León},
  title    = {Holländische Gemälde im Städel 1550--1800},
  date     = {2005/2010},
  location = {Petersberg},
  keywords = {Ausstellung},
  label    = {Frankfurt},
  number   = {8--9 und 11},
  series   = {Kataloge der Gemälde im Städelschen Kunstinstitut Frankfurt am Main},
  sortkey  = {Kat. Frankfurt 2005--2010},
  volumes  = {3},
}

@Incollection{LoosOrnament,
  author    = {Loos, Adolf},
  title     = {Ornament und Verbrechen},
  pages     = {15--21},
  editor    = {Conrads, Ulrich},
  location  = {Basel and others},
  year      = {2013},
  series    = {Bauwelt Fundamente},
  number    = {1},
  edition   = {Nachdruck der 2. Auflage Braunschweig u. a. 1981},
  keywords  = {source},
  maintitle = {Programme und Manifeste zur Architektur des 20. Jahrhunderts},
  shorthand = {Loos, Ornament und Verbrechen},
}

@Reference{GroveEncycl2011,
  editor    = {Marter, Joan M.},
  title     = {The Grove Encyclopedia of American Art},
  date      = {2011},
  volumes   = {5},
  location  = {Oxford and New York},
  shorthand = {Grove Encyclopedia of American Art},
}
@Book{PalladioArchitektur,
  author     = {Palladio, Andrea},
  editor     = {Beyer, Andreas and Schütte, Ulrich},
  title      = {Die vier Bücher zur Architektur},
  location   = {Zürich and München},
  year       = {1993},
  edition    = {4},
  translator = {Beyer, Andreas and Schütte, Ulrich},
  shorthand  = {Palladio, Vier Bücher zur Architektur},
  keywords   = {source},
}

@Article{SullivanTall,
  author       = {Sullivan, Louis H.},
  title        = {The tall office building artistically considered},
  journaltitle = {Lippincotts monthly magazine},
  volume       = {57},
  pages        = {403--409},
  year         = {1896},
  keywords     = {source},
  shorthand    = {Sullivan, Tall office building},
}

@Book{PalladioQuattro,
  author    = {Palladio, Andrea},
  title     = {I quattro libri dell'architettura [...]},
  location  = {Venedig},
  year      = {1570},
  shorthand = {Palladio, Quattro libri dell'architettura},
  keywords  = {source},
}


@Article{Kier1998,
  author       = {Kier, Hiltrud},
  title        = {Die 1950er Jahre als Thema der Denkmalpflege},
  subtitle     = {Beispiele aus Köln},
  journaltitle = {Kunst und Kirche},
  volume       = {61},
  pages        = {207--211},
  year         = {1998},
}

@Article{Luettichau1997,
  author       = {von Lüttichau, Mario-Andreas},
  title        = {\enquote{Two Nude Figures in a Landscape}},
  subtitle     = {A new attribution},
  journaltitle = {North Carolina Museum of Art Bulletin},
  volume       = {17},
  pages        = {20--39},
  year         = {1997},
}

@Article{Valstar-Verhoff1995,
  author       = {Valstar-Verhoff, Arta},
  title        = {Das Auge am Horizont},
  subtitle     = {Betrachtungen zum Werke von Daniel Poensgen},
  journaltitle = {Wallraf-Richartz-Jahrbuch},
  volume       = {56},
  pages        = {273-–294},
  year         = {1995},
}


@Article{DellAcqua2005,
  author       = {Dell'Acqua, Francesca},
  title        = {Parvenus eclettici e il canone estetico della varietas},
  subtitle     = {Riflessioni su alcuni dettagli di arredo architettonico nell'Italia meridionale normanna},
  journaltitle = {Römisches Jahrbuch der Bibliotheca Hertziana},
  volume       = {35},
  pages        = {49--80},
  year         = {2005},
}

@Article{Leinweber2003,
  author       = {Leinweber, Luise},
  title        = {Forschungs- und Informationssysteme für die Kunstgeschichte},
  subtitle     = {Expertengespräch im Zentralinstitut für Kunstgeschichte, München, 11. und 12. Oktober 2002},
  journaltitle = {Kunstchronik},
  volume       = {56},
  pages        = {356--361},
  year         = {2003},
}

@Review{Dobler2003,
  author       = {Dobler, Ralph-Miklas},
  pages        = {432–-439},
  volume       = {66},
  journaltitle = {Zeitschrift für Kunstgeschichte},
  related      = {Buchel2001},
  relatedtype  = {reviewof},
  year         = {2003},
}

@Book{Buchel2001,
  author   = {Büchel, Daniel and Reinhardt, Volker and Lang, Peter},
  title    = {Die Kreise der Nepoten},
  subtitle = {Neue Forschungen zu alten und neuen Eliten Roms in der frühen Neuzeit},
  location = {Bern},
  year     = {2001},
  volume   = {5},
  series   = {Freiburger Studien zur frühen Neuzeit},
}

@Book{Bernardini1999,
  editor   = {Bernardini, Maria Grazia and Fagiolo dell'Arco, Marcello},
  title    = {Gian Lorenzo Bernini regista del barocco},
  location = {Mailand},
  year     = {1999},
  keywords = {Art / History / Baroque \& Rococo},
}

@Exhibcatalog{AusstellungBonn2005,
  editor          = {Jutta Frings},
  year            = {2005},
  location        = {Leipzig},
  eventdate       = {2005/2006},
  eventsubtitle   = {Kunst und Kultur der Päpste II 1572--1676},
  eventtitle      = {Barock im Vatikan},
  exhibfirstdate  = {2005-11-25/2006-03-19},
  exhibfirstmuseum = {Kunst- und Ausstellungshalle der Bundesrepublik Deutschland},
  exhibfirstlocation = {Bonn},
  exhibseconddate = {2006-04-12/2006-07-10},
  exhibsecondmuseum = {Martin-Gropius-Bau},
  exhibsecondlocation = {Berlin},
  keywords        = {Ausstellung},
  sortkey         = {Ausst.-Kat. Bonn/Berlin 2005},
}

@Incollection{korner2003,
  author       = {Körner, Hans},
  title        = {Die enttäuschte und die getäuschte Hand},
  subtitle     = {Der Tastsinn im Paragone der Künste},
  pages        = {221--241},
  editor       = {von Rosen, Valeska and Krüger, Klaus and Preimesberger, Rudolf},
  booktitle    = {Der stumme Diskurs der Bilder},
  booksubtitle = {Reflexionsformen des Ästhetischen in der Kunst der Frühen Neuzeit},
  location     = {München and Berlin},
  date         = {2003},
}

@Review{vonEngelberg2003,
  author       = {von Engelberg, Meinrad},
  journaltitle = {H-ArtHist},
  related      = {Brossette2002},
  relatedtype  = {reviewof},
  arthist      = {35},
  year = {2003},
  arthistdate         = {2003-11-12},
}

@Article{vonrosen2000,
  author       = {von Rosen, Valeska},
  title        = {Die Enargeia des Gemäldes},
  subtitle     = {Zu einem vergessenen Inhalt des \enquote{Ut-Pictura-Poesis} und seiner Relevanz für das cinquecenteske Bildkonzept},
  journaltitle = {Marburger Jahrbuch für Kunstwissenschaft},
  volume       = {27},
  pages        = {171--208},
  year         = {2000},
}

@Inreference{helas2003,
  author       = {Helas, Philine},
  title        = {Theatralität Und Performanz},
  pages        = {352--354},
  year         = {2003},
  editor       = {Pfisterer, Ulrich},
  location     = {Stuttgart and Weimar},
  mainsubtitle = {Ideen, Methoden, Begriffe},
  maintitle    = {Metzler Lexikon Kunstwissenschaft},
}

@Book{vonrosen2009,
  author   = {von Rosen, Valeska},
  title    = {Caravaggio und die Grenzen des Darstellbaren},
  subtitle = {Ambiguität, Ironie und Performativität in der Malerei um 1600},
  location = {Berlin},
  year     = {2009},
}

@Book{ugonio1588,
  author    = {Ugonio, Pompeo},
  title     = {Historia delle Stationi di Roma, che si celebrano la Quadragesima},
  location  = {Rom},
  shorthand = {Ugonio, Historia},
  keywords  = {source},
  date      = {1588},
  language  = {italian},
}

@Exhibcatalog{AusstellungBern2000,
  editor            = {Dupeux, Cécile and Jezler, Peter and Wirth, Jean},
  year              = {2000},
  location          = {Zürich},
  eventdate         = {2000/2001},
  eventsubtitle     = {Wahnsinn oder Gottes Wille?},
  eventtitle        = {Bildersturm},
  exhibfirstdate    = {2000-11-02/2001-04-16},
  exhibfirstmuseum  = {Bernisches Historisches Museum},
  exhibfirstlocation   = {Bern},
  exhibseconddate   = {2000},
  exhibsecondmuseum = {Musée de l'{\OE}uvre Notre-Dame},
  exhibsecondlocation  = {Strassburg},
  sortkey           = {Ausst.-Kat. Bern/Strassburg 2000},
  keywords          = {Ausstellung},
}

@PhdThesis{strupp1993,
  author      = {Strupp, Joachim},
  title       = {The Sculptured Altarpiece in Renaissance Venice, ca. 1460--1530},
  institution = {University of St Andrews},
  date        = {1993},
  url         = {https://research-repository.st-andrews.ac.uk/handle/10023/2806},
  urldate     = {2016-03-08},
}

@Book{Brossette2002,
  author   = {Brossette, Ursula},
  title    = {Inszenierung des Sakralen},
  subtitle = {Das Theatralische Raum- und Ausstattungsprogramm süddeutscher Barockkirchen in seinem liturgischen und zeremoniellen Kontext},
  location = {Weimar},
  year     = {2002},
  series   = {Marburger Studien zur Kunst- und Kulturgeschichte},
  number   = {4},
}


@Book{quintushoratiusflaccus2008,
  author       = {Quintus Horatius Flaccus},
  editor       = {Schäfer, Eckart},
  title        = {Ars Poetica. Die Dichtkunst},
  location     = {Stuttgart},
  edition      = {Bibliograph. ergänzte Ausg.},
  origyear     = {1972},
  origlanguage = {latin},
  translator   = {Schäfer, Eckart},
  shorthand    = {Horaz, Ars Poetica},
  keywords     = {source},
  date         = {2008},
  language     = {german},
  timestamp    = {2016-08-12T11:13:56Z},
}

@Article{fahrner1973,
  author       = {Fahrner, Robert and Kleb, William},
  title        = {The Theatrical Activity of Gianlorenzo Bernini},
  journaltitle = {Educational Theatre Journal},
  volume       = {25},
  pages        = {5--14},
  doi          = {10.2307/3205831},
  date         = {1973},
  issn         = {0013-1989},
  jstor        = {3205831},
  number       = {1},
}

@Book{fagiolodellarco1967,
  author   = {Fagiolo dell'Arco, Maurizio and Fagiolo dell'Arco, Marcello},
  title    = {Bernini},
  subtitle = {Una introduzione al gran teatro del barocco},
  location = {Rom},
  date     = {1967},
}

@Article{dombrowski1997,
  author       = {Dombrowski, Damian},
  title        = {\enquote{Art History in the Age of Bellori}},
  subtitle     = {Rom, American Academy, 21./22. November 1996},
  journaltitle = {Zeitschrift für Kunstgeschichte},
  volume       = {60},
  pages        = {400--409},
  doi          = {10.2307/1482856},
  date         = {1997},
  issn         = {0044-2992},
  jstor        = {1482856},
  language     = {english},
  number       = {3},
}

@Incollection{digioia2006,
  author       = {Di Gioia, Elena Bianca},
  title        = {\enquote{Chi non esce talvolta dalla regola non la passa mai}},
  subtitle     = {Melchiorre Cafà a Roma tra 1660 e 1667},
  pages        = {49--66},
  editor       = {Sciberras, Keith},
  booktitle    = {Melchiorre Cafà},
  booksubtitle = {Maltese genius of the Roman Baroque},
  location     = {Valletta},
  year         = {2006},
}

@Incollection{delbeke2014,
  author    = {Delbeke, Maarten},
  title     = {\enquote{For We Are Made a Spectacle unto the World, and to Angels, and to Men}},
  subtitle  = {Alessandro Algardi's Beheading of Saint Paul and the Theatricality of Martyrdom},
  pages     = {141--164},
  editor    = {Colantuono, Anthony and Ostrow, Steven F.},
  booktitle = {Critical Perspectives on Roman Baroque Sculpture},
  location  = {University Park, Pa.},
  year      = {2014},
  language  = {english},
}

@Book{Kanz2002,
  author      = {Kanz, Roland},
  title       = {Die Kunst des Capriccio},
  subtitle    = {Kreativer Eigensinn in Renaissance und Barock},
  shorttitle  = {Die Kunst des Capriccio},
  location    = {München and Berlin},
  year        = {2002},
  series      = {Kunstwissenschaftliche Studien},
  number      = {103},
  thesisdate    = {2000},
  institution = {Düsseldorf, Univ.},
  isbn        = {978-3-422-06392-1},
  type        = {habil},
}

@Incollection{kablitz1998,
  author    = {Kablitz, Andreas},
  title     = {Jenseitige Kunst oder Gott als Bildhauer},
  subtitle  = {Die Reliefs in Dantes Purgatorio (Purg. X-XII)},
  pages     = {309--356},
  editor    = {Kablitz, Andreas and Neumann, Gerhard},
  booktitle = {Mimesis und Simulation},
  location  = {Freiburg i. Br.},
  series    = {Rombach Wissenschaften/Reihe Litterae},
  number    = {52},
  date      = {1998},
  timestamp = {2015-09-27T11:59:55Z},
}

@Book{lavin1980,
  author    = {Lavin, Irving},
  title     = {Bernini and the Unity of the Visual Arts},
  location  = {New York and London},
  date      = {1980},
  isbn      = {978-0-19-520184-0},
  language  = {english},
  pagetotal = {503},
  timestamp = {2016-06-08T09:42:54Z},
  volumes   = {2},
}

@Book{luther1908,
  author    = {Luther, Martin},
  editor    = {Knaake, Joachim Karl Friedrich},
  title     = {D. Martin Luthers Werke},
  subtitle  = {Kritische Gesamtausgabe (Weimarer Ausgabe)},
  publisher = {H. Böhlaus},
  location  = {Weimar},
  volume    = {18},
  edition   = {2. Testauflage},
  keywords  = {source},
  date      = {1908},
  timestamp = {2016-08-03T13:56:52Z},
}

@Book{luther1909,
  author    = {Luther, Martin},
  editor    = {Knaake, Joachim Karl Friedrich},
  title     = {D. Martin Luthers Werke},
  publisher = {H. Böhlaus},
  location  = {Weimar},
  volume    = {26},
  keywords  = {source},
  date      = {1909},
  timestamp = {2016-08-03T13:56:58Z},
  ubtitle   = {Kritische Gesamtausgabe (Weimarer Ausgabe)},
}

@Article{bierbaum2014,
  author       = {Bierbaum, Kirsten Lee},
  title        = {Roma Antica, Roma Nuova},
  subtitle     = {Die Inszenierung des römischen Bodens in Architektur und Guidenliteratur der Frühen Neuzeit},
  journaltitle = {kunsttexte.de},
  volume       = {1},
  pages        = {1--12},
  year         = {2014},
  url          = {http://edoc.hu-berlin.de/kunsttexte/2014-1/bierbaum-kirsten-lee-3/PDF/bierbaum.pdf},
  urldate      = {2016-10-02},
}

@Book{Panosfky2006,
  author     = {Panosfky, Erwin},
  editor     = {Jochen Sander and Kemperdick, Stephan},
  title      = {Die altniederländische Malerei},
  subtitle   = {Ihr Ursprung und Wesen},
  location   = {Köln},
  year       = {2006},
  volume     = {1},
  translator = {Jochen Sander and Kemperdick, Stephan},
}

@Book{Karin2003,
  author      = {Karin Leonhard},
  title       = {Das gemalte Zimmer},
  subtitle    = {Zur Interieurmalerei Jan Vermeers},
  location    = {München},
  year        = {2003},
  thesisdate    = {2001},
  institution = {München, Ludwig-Maximilian-Univ.},
  type        = {phdthesis},
}

@Book{Bonnet2001,
  author      = {Bonnet, Anne-Marie},
  title       = {\enquote{Akt} bei Dürer},
  location    = {Köln},
  year        = {2001},
  series      = {Atlas},
  number      = {4},
  thesisdate    = {1992},
  thesistype    = {tzugl},
  institution = {München, Ludwig-Maximilians-Univ.},
  type        = {habil},
}

@Book{Satzinger1991,
  author      = {Satzinger, Georg},
  title       = {Antonio da Sangallo der Ältere und die Madonna di San Biagio bei Montepulciano},
  location    = {Tübingen},
  year        = {1991},
  series      = {Tübinger Studien zur Archäologie und Kunstgeschichte},
  number      = {11},
  thesisdate    = {1988},
  institution = {Tübingen, Univ.},
  type        = {phdthesis},
}

@Book{Satzinger2004,
  editor   = {Satzinger, Georg},
  title    = {Die Renaissance-Medaille in Italien und Deutschland},
  location = {Münster},
  year     = {2004},
  series   = {Tholos},
  number   = {1},
}

@Exhibcatalog{AusstellungNewYork2013,
  editor          = {Peter Barnet},
  year            = {2013},
  location        = {New Haven and London},
  eventdate       = {2013/2014},
  eventtitle      = {Medieval treasures from Hildesheim},
  exhibfirstdate  = {2013-09-17/2014-01-05},
  exhibfirstmuseum = {The Metropolitan Museum of Art},
  exhibfirstlocation = {New York},
  sortkey         = {Ausst.-Kat. New York 2013},
  keywords         = {Ausstellung},
}

@Article{VanderPlaat2002,
  author       = {Van der Plaat, Deborah},
  title        = {Seeking a \enquote{symbolism comprehensible} to \enquote{to great majority of spectators}},
  subtitle     = {William Lethaby's architecture, mysticism and myth and its debt to Victorian mythography},
  journaltitle = {Architectural history},
  volume       = {45},
  pages        = {363--385},
  year         = {2002},
}

@Article{Schlegel1992,
  author       = {Schlegel, Ursula},
  title        = {Ein Terracottamodell des Bartolomeo Ammannati},
  journaltitle = {Paragona/Arte},
  volume       = {43},
  pages        = {25--30},
  year         = {1992},
  number       = {503},
}

@Inreference{Ende2014,
  author    = {Ende, Teresa},
  title     = {Leduc, Ozias},
  pages     = {455},
  year      = {2014},
  volume    = {83},
  location  = {Berlin},
  maintitle = {Allgemeines Künstlerlexikon},
}

@Inreference{Satzinger2012,
  author    = {Satzinger, Georg},
  title     = {Architektur},
  pages     = {54--58},
  year      = {2012},
  location  = {Stuttgart},
  maintitle = {Lexikon Kunstwissenschaft},
}

@Reference{AllgemeinesKunstlerlexikon,
  editor      = {Andreas Beyer},
  title       = {Allgemeines Künstlerlexikon},
  date        = {1992/open},
  editora     = {Günter Meißner},
  subtitle    = {Die Bildenden Künstler aller Zeiten und Völker},
  volume      = {1\psqq},
  note        = {Bd. 1--3 Leipzig, Bd. 4--64 München},
  publisher   = {De Gruyter},
  location    = {Berlin},
  editoratype = {founder},
  shorthand   = {Allgemeines Künstlerlexikon},
}

@Catalog{KatArchitekturzchng2013,
  author     = {Böker, Johann Josef and Sauvé, Jean-Sébastien and Brehm, Anne-Christine and Hanschke, Julian},
  title      = {Architektur der Gotik -- Rheinlande},
  year       = {2013},
  subtitle   = {Basel, Konstanz, Freiburg, Straßburg, Mainz, Frankfurt, Köln},
  titleaddon = {Ein Bestandskatalog der mittelalterlichen Architekturzeichnungen mit einem Beitrag von Peter Völkle über die Zeichentechnik der Gotik},
  location   = {Salzburg},
  keywords   = {Ausstellung},
  label      = {Architekturzchng. Gotik Rheinlande},
  sortkey    = {Kat. Architekturzchng. Gotik Rheinlande 2013},
}

@Catalog{KatFrankfurt2010,
  author    = {Neumeister, Mirjam},
  title     = {Künstler geboren nach 1630},
  year      = {2010},
  location  = {Petersberg},
  keywords  = {Ausstellung},
  label     = {Frankfurt},
  maintitle = {Holländische Gemälde im Städel 1550--1800},
  number    = {11},
  series    = {Kataloge der Gemälde im Städelschen Kunstinstitut Frankfurt am Main},
  sortkey   = {Kat. Frankfurt 2010},
  volume    = {3},
}

@Catalog{KatKoln1990,
  author   = {Zehnder, Frank G.},
  title    = {Katalog der Altkölner Malerei},
  year     = {1990},
  location = {Köln},
  keywords = {Ausstellung},
  label    = {Köln},
  number   = {11},
  series   = {Kataloge des Wallraf-Richartz-Museums},
  sortkey  = {Kat. Köln 1990},
  volume   = {3},
}

@Inbook{Saint-Denis2008,
  author       = {{Suger von Saint-Denis}},
  title        = {De administratione},
  booktitle    = {Ausgewählte Schriften},
  year         = {2008},
  editor       = {Andreas Speer and Binding, Günther},
  booksubtitle = {Ordinatio, De consecratione, De administratione},
  edition      = {3},
  pages        = {253--371},
  location     = {Darmstadt},
  keywords     = {source},
  shorthand    = {Suger, adm.},
}

@Catalog{KatSORRusche2010,
  editor   = {Hans-Joachim Raupp},
  title    = {Historien und Allegorien},
  year     = {2010},
  location = {Münster and Hamburg and London},
  keywords = {Ausstellung},
  label    = {S{{\O}}R Rusche},
  number   = {4},
  series   = {Niederländische Malerei des 17. Jahrhunderts der S{{\O}}R Rusche-Sammlung},
  sortkey  = {Kat. S{{\O}}R Rusche 2010},
}

@Book{Briganti1961,
  author    = {Briganti, Giuliano},
  title     = {Der italienische Manierismus},
  publisher = {Verlag der Kunst},
  location  = {Dresden},
  year      = {1961},
}

@Book{Wolter2007,
  author   = {Wolter-von dem Knesebeck, Harald},
  title    = {Das Mainzer Evangeliar},
  year     = {2007},
  subtitle = {Strahlende Bilder-Worte in Gold},
  location = {Regensburg},
}

@Book{Kanz2008,
  author    = {Kanz, Roland},
  title     = {Giovanni Battista Casanova (1730--1795)},
  year      = {2008},
  subtitle  = {Eine Künstlerkarriere in Rom und Dresden},
  series    = {Phantasos},
  number    = {7},
  publisher = {Wilhelm Fink},
  location  = {München},
}

@InCollection{Corsepius2004,
  author         = {Corsepius, Katharina},
  title          = {Der Dagobertthron in Saint-Denis als \enquote{profane Reliquie}},
  booktitle      = {Opus Tessellatum},
  year           = {2004},
  editor         = {Corsepius, Katharina and Mondini, Daniela and Senekovic, Darko and Sibillano, Lino and Vitali, Samuel},
  booksubtitle   = {Modi und Grenzgänge der Kunstwissenschaft},
  booktitleaddon = {Festschrift für Peter Cornelius Claussen},
  series         = {Studien zur Kunstgeschichte},
  number         = {157},
  location       = {Hildesheim},
  pages          = {139--151},
}

@Incollection{Ende2013,
  author       = {Ende, Teresa},
  title        = {Annäherung an die dritte Dimension},
  subtitle     = {Zu Realität und Fiktion der Plastiken in Liebermanns Sammlung},
  pages        = {95--102},
  editor       = {Hedinger, Bärbel and Diers, Michael and Müller, Jürgen},
  booktitle    = {Max Liebermann -- die Kunstsammlung},
  booksubtitle = {Von Rembrandt bis Manet},
  location     = {München},
  year         = {2013},
}

@Incollection{Klein2004,
  author       = {Klein, Heijo},
  title        = {Die Abguß-Sammlung des Kunsthistorischen Institutes in Bonn},
  pages        = {173–-184},
  editor       = {Bonnet, Anne-Marie and Kanz, Roland and Raupp, Hans-Joachim and Satzinger, Georg and Schellewald, Barbara},
  booktitle    = {Le Maraviglie dell'Arte},
  booksubtitle = {Kunsthistorische Miszellen für Anne Liese Gielen-Leyendecker zum 90. Geburtstag},
  location     = {Köln and Weimar and Wien},
  year         = {2004},
}

@InCollection{Petri2003,
  author       = {Petri, Grischka},
  title        = {August Strindbergs moderne Malerei und der Zufall im kunsthistorischen Schaffen},
  booktitle    = {August Strindberg},
  year         = {2003},
  editor       = {Baumgartner, Walter and Fechner-Smarsly, Thomas},
  booksubtitle = {Der Dichter und die Medien},
  publisher    = {Fink},
  location     = {München},
  pages        = {83–-112},
}

@InCollection{Tjarks2007,
  author         = {Tjarks, Torsten},
  title          = {Justizpalast (Palazzo di Giustizia)},
  booktitle      = {Rom},
  year           = {2007},
  editor         = {Strunck, Christina},
  booksubtitle   = {Meisterwerke der Baukunst von der Antike bis heute},
  booktitleaddon = {Festgabe für Elisabeth Kieven},
  series         = {Studien zur internationalen Architektur- und Kunstgeschichte},
  number         = {43},
  publisher      = {Imhof},
  location       = {Petersberg},
  pages          = {493--496},
}

@Exhibcatalog{AusstMuenchen2006,
  editor          = {Bonnet, Anne-Marie and others},
  year            = {2006},
  location        = {München},
  eventdate       = {2006/2007},
  eventsubtitle   = {Der Kuss -- Die Paare},
  eventtitle      = {Auguste Rodin},
  exhibfirstdate  = {2006-09-23/2007-01-07},
  exhibfirstmuseum = {Kunsthalle der Hypo-Kulturstiftung},
  exhibfirstlocation = {München},
  exhibseconddate = {2007-01-26/2007-04-09},
  exhibsecondmuseum = {Museum Folkwang},
  exhibsecondlocation = {Essen},
  sortkey         = {Ausst.-Kat. München/Essen 2006},
  keywords          = {Ausstellung},
}

@Book{AlbertiDellaPittura,
  author       = {Alberti, Leon Battista},
  title        = {Della Pittura -- Über die Malkunst},
  location     = {Darmstadt},
  year         = {2014},
  edition      = {3},
  translator   = {Bätschmann, Oskar and Gianfreda, Sandra},
  shorthand    = {Alberti, Della pittura},
  keywords     = {source},
  commentator  = {Bätschmann, Oskar and Gianfreda, Sandra},
  introduction = {Bätschmann, Oskar and Gianfreda, Sandra},
}

@Review{Bonnet2013,
  author       = {Bonnet, Anne-Marie},
  number       = {10},
  volume       = {14},
  journaltitle = {Kunstform},
  related      = {Heesen2012},
  relatedtype  = {reviewof},
  year         = {2013},
  url          = {http://www.arthistoricum.net/kunstform/rezension/ausgabe/2013/10/22240/},
}

@Book{Heesen2012,
  author     = {te Heesen, Anke},
  title      = {Theorien des Museums},
  publisher  = {Junius Verlag},
  location   = {Hamburg},
  year       = {2012},
  titleaddon = {Zur Einführung},
}

@Reference{Jordan2012,
  editor    = {Jordan, Stefan and Müller, Jürgen},
  title     = {Lexikon Kunstwissenschaft},
  year      = {2012},
  subtitle  = {Hundert Grundbegriffe},
  location  = {Stuttgart},
    shorthand = {Lexikon Kunstwissenschaft},
}

@Inreference{Petri2011,
  author    = {Petri, Grischka},
  title     = {American Academy of Fine Arts},
  pages     = {90},
  year      = {2011},
  volume    = {1},
  location  = {Oxford and New York},
  maintitle = {The Grove Encyclopedia of American Art},
}

@Article{Schock-Werner2009,
  author       = {Schock-Werner, Barbara},
  title        = {Das neue Eingangsbauwerk zum Südturm des Domes},
  journaltitle = {Kölner Domblatt},
  volume       = {74},
  pages        = {244--261},
  year         = {2009},
}

@Book{MenzelBriefe,
  author    = {von Menzel, Adolph},
  editor    = {Keisch, Claude},
  title     = {Briefe},
  location  = {München},
  year      = {2009},
  series    = {Quellen zur deutschen Kunstgeschichte vom Klassizismus bis zur Gegenwart},
  number    = {6},
  shorthand = {Menzel, Briefe},
  keywords  = {source},
  volumes   = {4},
}

@Article{Leonhard2009,
  author       = {Leonhard, Karin},
  title        = {Pictura's fertile field},
  subtitle     = {Otto Marseus van Schrieck and the genre of sottobosco painting},
  journaltitle = {Simiolus},
  volume       = {34},
  pages        = {95--118},
  year         = {2009},
  number       = {2},
  publisher    = {JSTOR},
}

@Book{CasanovaMalerei,
  author    = {Casanova, Giovanni Battista},
  editor    = {Kanz, Roland},
  title     = {Theorie der Malerei},
  location  = {München},
  year      = {2008},
  series    = {Phantasos},
  number    = {8},
  shorthand = {Casanova, Theorie der Malerei},
  keywords  = {source},
}

@Review{Krings2006,
  author       = {Krings, Julia},
  number       = {193},
  title        = {Geschichte der Kunstgeschichte im Nationalsozialismus, 1930-–1950},
  subtitle= {Öffentliche Tagung des Kunsthistorischen Instituts der Rheinischen Friedrich Wilhems-Universität Bonn im Rahmen des gleichnamigen DFG-Projekts (GKNS–WEL), Bonn, 12. bis 14. Oktober 2006},
  journaltitle = {AHF-Information},
  year         = {2006},
  url          = {http://www.ahfmuenchen.de/Tagungsberichte/Berichte/pdf/2006/193-06.pdf},
}

@Book{JuddWritings,
  author    = {Judd, Donald},
  title     = {Complete writings 1959–-1975},
  subtitle  = {Gallery reviews, book reviews, articles, letters to the editor, reports, statements, complaints},
  location  = {Halifax},
  year      = {2005},
  shorthand = {Judd, Writings},
  keywords  = {source},
}

@Article{Dorstel1999,
  author       = {Dörstel, Wilfried},
  title        = {\enquote{Leute von gestern vor Bildern von heute, das geht wirklich nicht.}},
  subtitle     = {Die theoretisch begründete Kunstkritik des Literaten Albrecht Fabri (1911--1998)},
  journaltitle = {Sediment},
  volume       = {4},
  pages        = {76--104},
  year         = {1999},
}

@incollection{Gilio1961,
  location = {Bari},
  title = {Dialogo nel quale si ragiona degli errori e degli abusi de' pittori circa l'istorie},
  volume = {2},
  volumes = {3},
  timestamp = {2015-08-10T14:24:51Z},
  booktitle = {Trattati d'arte del Cinquecento fra Manierismo e Controriforma},
  series = {Scrittori d'Italia},
  author = {Gilio, Giovanni Andrea},
  editor = {Barocchi, Paola},
  date = {1961},
  pages = {1--115},
  language = {italian},
  keywords  = {source},
  shorthand = {Gilio, Dialogo},
}

@inbook{Burckhardt2000,
  author = {Burckhardt, Jacob},
  title = {Das Altarbild},
  booktitle = {Das Altarbild. Das Porträt in der Malerei. Die Sammler. Beiträge zur Kunstgeschichte von Italien},
  series = {Jacob Burckhardt Werke. Kritische Gesamtausgabe, Bd.},
  number = {6},
  editor = {von Boch, Stella and Hartau, Johannes and Hengevoss-Dürkop, Kerstin and Warnke, Martin},
  date = {2000},
  pages = {7--138},
  location = {München and Basel},
}

@book{Winckelmann2002,
  location = {Mainz},
  title = {Geschichte der Kunst des Alterthums},
  series = {Johann Joachim Winckelmann. Schriften und Nachlaß, Bd.},
  number = {4.1},
  subtitle = {Text: Erste Auflage Dresden 1764. Zweite Auflage Wien 1776},
  timestamp = {2016-10-14T15:55:28Z},
  author = {Winckelmann, Johann Joachim},
  editor = {Borbein, Adolf H. and Gaehtgens, Thomas W. and Irmscher, Johannes and Kunze, Max},
  date = {2002},
  keywords = {source},
  shorthand = {Winckelmann, Geschichte der Kunst des Alterthums},
}

@book{AugustinusVomGottesstaat,
  location = {Zürich},
  title = {Vom Gottesstaat},
  volume = {1},
  isbn = {978-3-423-34393-0},
  volumes = {2},
  pagetotal = {1712},
  timestamp = {2015-10-04T11:28:40Z},
  language = {german},
  author = {Augustinus, Aurelius},
  translator = {Thimme, Wilhelm},
  date = {1955},
  keywords = {source},
  shorthand = {Augustinus, Vom Gottesstaat}
}

@book{Stabenow2011,
  location = {Berlin and München},
  title = {Die Architektur der Barnabiten. Raumkonzept und Identität in den Kirchenbauten eines Ordens der Gegenreformation 1600--1630},
  isbn = {978-3-422-06970-1},
  abstract = {The Order of the Barnabites, under the influence of Carlo Borromeo and his prominent churches, experimented with innovative church architecture in Milan, Bologna and Rome. Der Orden der Barnabiten erprobte unter dem Einfluss von Carlo Borromeo mit seinen prominenten Kirchenbauten innovative Raumkonzepte, vor allem in den Zentren Mailand, Bologna und Rom. Die architektonische Leistung des Ordens wird umfassend analysiert und im Hinblick auf die Umsetzung geistlicher Reformziele und die Selbstdarstellung des Ordens befragt.},
  pagetotal = {439},
  timestamp = {2016-06-11T09:16:26Z},
  language = {german},
  number = {4. Folge, 8},
  series = {Italienische Forschungen des Kunsthistorischen Institutes in Florenz},
  author = {Stabenow, Jörg},
  date = {2011}
}

@book{Fischer-Lichte1983,
  location = {Tübingen},
  title = {Vom \enquote{künstlichen} zum \enquote{natürlichen} Zeichen},
  subtitle = {Theater des Barock und der Aufklärung},
  volume = {2},
  maintitle = {Semiotik des Theaters. Eine Einführung},
  isbn = {978-3-8233-6322-4},
  timestamp = {2016-09-26T08:59:24Z},
  language = {german},
  author = {Fischer-Lichte, Erika},
  date = {1983}
}

@Incollection{Hermans,
  author       = {Hermans, Lex},
  title        = {Consorting with Stone},
  subtitle     = {The Figure of the {{Speaking}} and {{Moving Statue}} in {{Early Modern Italian Writing}}},
  pages        = {117--145},
  editor       = {Blick, Sarah and Gelfand, Laura D.},
  booktitle    = {Physical and Spatial Interaction in Late Medieval and Renaissance Art},
  location     = {{Leiden and Boston}},
  year         = {2011},
  volume       = {2},
  series       = {Studies in Medieval and Reformation Traditions},
  number       = {156,2},
  mainsubtitle = {Imaginative, Emotional, Physical, and Spatial Interaction in Late Medieval and Renaissance Art},
  maintitle    = {Push Me, Pull You},
  timestamp    = {2016-10-29T19:16:05Z},
}

@Book{Eimer1970,
  author    = {Eimer, Gerhard},
  title     = {La fabbrica di S. Agnese in Navona: Römische Architekten, Bauherren und Handwerker im Zeitalter des Nepotismus},
  location  = {{Stockholm}},
  date      = {1970/1971},
  language  = {german},
  pagetotal = {514},
  timestamp = {2015-04-17T16:01:50Z},
  volumes   = {2},
}

@Incollection{Thimann2012,
  author       = {Thimann, Michael},
  title        = {Das unterirdische Rom als Bildraum},
  subtitle     = {Zur \enquote{Roma sotterranea} des Antonio Bosio (1632/34)},
  pages        = {395--421},
  editor       = {Feist, Ulrike and Rath, Markus},
  booktitle    = {Et in imagine ego},
  booksubtitle = {Facetten von Bildakt und Verkörperung. Festgabe für Horst Bredekamp},
  location     = {{Berlin}},
  date         = {2012},
  isbn         = {978-3-05-009417-5},
  timestamp    = {2016-04-12T10:52:13Z},
}

@Exhibcatalog{Hani1983,
  editor            = {Häni, Susanne and Müller, Alois},
  date              = {1983},
  location          = {Aarau u.a.},
  eventdate         = {1983},
  eventsubtitle     = {Europäische Utopien seit 1800},
  eventtitle        = {Der Hang zum Gesamtkunstwerk},
  exhibfirstdate    = {1983-02-11/1983-04-30},
  exhibfirstmuseum  = {Kunsthaus},
  exhibfirstlocation   = {Zürich},
  exhibseconddate   = {1983-05-19/1983-07-10},
  exhibsecondmuseum = {Städtische Kunsthalle},
  exhibsecondlocation  = {Düsseldorf},
  exhibthirddate    = {1983-09-10/1983-11-13},
  exhibthirdmuseum  = {Museum Moderner Kunst},
  exhibthirdlocation   = {Wien},
  keywords          = {Ausstellung},
  sortkey           = {Ausst.-Kat. Zürich/Düsseldorf/Wien 1983},
  timestamp         = {2016-10-15T16:52:54Z},
}

@Exhibcatalog{AusstBonnEremitage,
  eventtitle = {Die Großen Sammlungen VI: Zwei Gesichter der Eremitage. Von Caravaggio bis Poussin},
  volume = {2},
  volumes = {2},
  date = {1997},
  eventdate = {1997},
  location = {Bonn},
  exhibfirstdate = {1997-02-21/1997-05-11},
  exhibfirstmuseum = {Kunst- und Ausstellungshalle der Bundesrepublik Deutschland},
  exhibfirstlocation = {Bonn},
  keywords = {Ausstellung},
  sortkey = {Ausst.-Kat. Bonn 1997},
}

@mvbook{Preimesberger1962,
  title = {Studien Zur Barocken {{Plastik}} in {{Genua}}. {{Pierre Puget}} und {{Filippo Parodi}} (Wien, Univ., Diss.)},
  volumes = {2},
  timestamp = {2016-11-17T15:03:30Z},
  author = {Preimesberger, Rudolf},
  year = {1962},
}

@exhibcatalog{Brinkmann2004,
  location = {München},
  edition = {2},
  eventtitle = {Bunte Götter},
  eventsubtitle = {Die Farbigkeit antiker Skulptur},
  eventdate = {2003/2004},
  exhibfirstdate = {2003-12-16/2004-02-29},
  exhibfirstmuseum = {Staatliche Antikensammlungen und Glyptothek},
  exhibfirstlocation = {München},
  exhibseconddate = {2004-06-15/2004-09-05},
  exhibsecondmuseum = {Staatliche Antikensammlungen und Glyptothek},
  exhibsecondlocation = {München},
  isbn = {978-3-7774-2781-2},
  pagetotal = {256},
  timestamp = {2016-11-26T14:19:55Z},
  editor = {Brinkmann, Vinzenz and Wünsche, Raimund},
  date = {2004},
  keywords = {Ausstellung},
  sortkey = {Ausst.-Kat. München 2003}
}

@Book{vonPastor1927,
  author    = {von Pastor, Ludwig},
  title     = {Geschichte der {{Päpste}} im {{Zeitalter}} der katholischen {{Reformation}} und {{Restauration}}. {{Klemens VIII}}. (1582\textendash{}1605)},
  date      = {1927},
  volume    = {11},
  edition   = {1/7},
  series    = {Geschichte der Päpste},
  location  = {{Freiburg i. Br.}},
  options   = {useprefix=true},
  timestamp = {2016-08-05T12:29:33Z},
}

@book{Gottler1996,
  location = {Mainz},
  title = {Die Kunst des Fegefeuers nach der Reformation: Kirchliche Schenkungen, Ablass und Almosen in Antwerpen und Bologna um 1600 (teilw. zugl. Zürich, Univ., Diss., 1991)},
  isbn = {978-3-8053-1690-3},
  pagetotal = {387},
  timestamp = {2016-11-05T21:17:27Z},
  number = {7},
  series = {Berliner Schriften zur Kunst},
  author = {Göttler, Christine},
  date = {1996}
}

@book{Dobler2009,
  location = {München},
  title = {Die Juristenkapellen Rivaldi, Cerri und Antamoro: Form, Funktion und Intention römischer Familienkapellen im Sei- und Settecento},
  series = {Römische Studien der Bibliotheca Hertziana},
  number = {22},
  isbn = {978-3-7774-3775-0},
  pagetotal = {254},
  timestamp = {2015-07-29T09:18:34Z},
  language = {german},
  author = {Dobler, Ralph-Miklas},
  date = {2009},
  thesisdate = {2004},
  institution = {Berlin, Freie Univ.},
  type = {phdthesis},
  thesistype = {tzugl},
}

@Exhibcatalog{Coliva1998,
  location = {Rom},
  eventtitle = {Bernini scultore},
  eventsubtitle = {La nascita del barocco in Casa Borghese},
  isbn = {978-88-8016-242-1},
  pagetotal = {473},
  timestamp = {2016-12-12T22:10:13Z},
  language = {italian},
  editor = {Coliva, Anna and Schütze, Sebastian},
  date = {1998},
  exhibfirstdate = {1998-05-15/1998-09-20},
  exhibfirstmuseum = {Museo e Galleria Borghese},
  exhibfirstlocation = {Rom},
  eventdate = {1998},
  keywords = {Ausstellung},
  sortkey = {Ausst.-Kat. Rom 1998},
}

@Comment{jabref-meta: databaseType:biblatex;}

@Comment{jabref-entrytype: Review: req[author;number;title;subtitle;pages;volume;journaltitle;shortjournal;related;relatedtype;year] opt[]}
