@Book{germanistik,
  editor	=		{{Bergische Universität Wuppertal}},
  year		=		{2012},
  title		=		{Germanistik in Wuppertal – Informationen zum Studium},
  edition	=		{5., aktual. Aufl.},
  location	=		{Wuppertal},
  publisher =		{{Bergische Universität Wuppertal}},
  keywords	=		{style},
}

@Online{ussl,
  author	=		{Linguistic Journal Editors’ group, Linguistic Society of America},
  title		=		{Unified style sheet for linguistics},
  date		=		{2007},
  URL		=		{http://linguistlist.org/pubs/tocs/JournalUnifiedStyleSheet2007.pdf},
  URLDATE	=		{2012-12-27},
  keywords	=		{style},
}

@Book{schatz1,
  author	=		{Karla Schatz},
  year		=		{1998},
  title		=		{Die Bedeutung der Linguistik in der Schule},
  edition	=		{},
  location	=		{Zürich},
  publisher =		{Kurz},
  keywords	=		{lin},  
}

@Book{schatz2,
  author	=		{Karla Schatz},
  year		=		{1998},
  title		=		{Lectures on Linguistics in Secondary Education},
  subtitle	=		{The Pisa Lectures},
  series	=		{Linguistics and Society},
  number	=		{9},
  edition	=		{},
  location	=		{Manchester},
  publisher =		{United Press},
  keywords	=		{lin},
}

@Book{swallow1,
  editor	=		{Philip Swallow and Angelica L. Papst},
  year		=		{1988},
  title		=		{Principles and Participles},
  location	=		{Rummidge},
  publisher =		{The University of Rummidge Press},
  keywords	=		{lin},
}

@InCollection{house,
  author	=		{David House},
  year		=		{2004},
  title		=		{Small words in meaningless sentences},
  editor	=		{Philip Swallow and Morris Zapp},
  booktitle	=		{Tense, Mood and Aspect},
  booksubtitle	=		{Selected Papers from the 24th University Teachers of English Conference},
  note		=		{Euphoria, California, 25–27 February 2004},
  location	=		{Euphoria},
  publisher =		{The TMA Press},
  pages		=		{324-367},
  keywords	=		{lin},
}

@InCollection{wort,
  author	=		{Richard Wort and Karla Schatz},
  year		=		{1994},
  title		=		{Die Welt der Wörter},
  editor	=		{Anna Vohr and Ann Pees},
  booktitle	=		{Wörter und Sachen},
  location	=		{Tübingen},
  publisher =		{Knarr},
  pages		=		{204-222},
  keywords	=		{lin},  
}

@Article{green,
  author	=		{Joseph Green and Peter Berg},
  year		=		{1968},
  title		=		{Some universials of grammar with particular reference to the order of meaningless elements},
  journal	=		{Journal of Language Meaning and Change},
  volume	=		{38},
  pages		=		{487-525},
  keywords	=		{lin},
}

@Article{schatz_artcl,
  author	=		{Karla Schatz},
  year		=		{2004},
  title		=		{Eine neue Aufgabe der Linguistik},
  journal	=		{Linguistik in der Schule},
  volume	=		{1},
  pages		=		{1-7},
  keywords	=		{lin},
}

@Unpublished{haupt,
  author	=		{Friedrich Haupt and Richard Wort and Karla Schatz},
  date		=		{1999},
  title		=		{Wortarten in der Schule},
  note		=		{Unveröffentlichtes Manuskript},
  location	=		{Freie Pestalozzi-Universität Zürich},
  keywords	=		{lin},
}

@Unpublished{swallow2,
  author	=		{Philip Swallow},
  date		=		{1979},
  title		=		{Changing meanings. Formation and maintenance of meaning},
  note		=		{Unpublished Ph.D. dissertation},
  location	=		{Universität of Rummidge},
  keywords	=		{lin},
}

@Book{demske,
  author	=		{Ulrike Demske},
  year		=		{2001},
  title		=		{Merkmale und Relationen},
  subtitle	=		{Diachrone Studien zur Nominalphrase des Deutschen},
  edition	=		{},
  location	=		{Berlin and New York},
  publisher =		{de Gruyter},
  series	=		{Studia Linguistica Germanica},
  number	=		{56},
  keywords	=		{weitere},
}

@Book{sterne1,
  author	=		{Wolfgang Sternefeld},
  year		=		{2008},
  title		=		{Syntax},
  subtitle	=		{Eine morphologisch motivierte generative Beschreibung des Deutschen},
  edition	=		{3. überarb. Aufl.},
  location	=		{Tübingen},
  publisher =		{Stauffenburg},
  volumes	=		{2},
  volume	=		{1},
  keywords	=		{weitere},
}

@Book{axel,
  author	=		{Katrin Axel},
  year		=		{2007},
  title		=		{Studies on Old High German Syntax},
  subtitle	=		{Left sentence periphery, verb placement and verb-second},
  edition	=		{},
  location	=		{Amsterdam and Philadelphia},
  publisher =		{John Benjamins},
  series	=		{Linguistik Aktuell},
  number	=		{112},
  keywords	=		{weitere},
}

@Book{braune-got,
  author	=		{Wilhelm Braune},
  editor	=		{Thomas Klein and Ingo Reiffenstein and Helmut Gneuss},
  options	=		{useeditor=false},
  year		=		{2004},
  title		=		{Gotische Grammatik},
  edition	=		{15. Aufl. neu bearb. v. Frank Heidermanns},
  location	=		{Tübingen},
  publisher =		{Max Niemeyer},
  keywords	=		{weitere},
}

@Book{sievers,
  editor	=		{Eduard Sievers},
  year		=		{1892},
  title		=		{Tatian. Lateinisch und altdeutsch},
  edition	=		{2., neubearb. Ausgabe},
  note		=		{Digitalisierte Version des Germanic Lexicon Projects},
  url		=		{http://lexicon.ff.cuni.cz/texts/ohg_sievers_tatian_about.html},
  location	=		{Paderborn},
  publisher =		{Schöningh},
  keywords	=		{weitere},
}

@InBook{greule,
  author	=		{Albrecht Greule},
  year		=		{2000},
  title		=		{Syntax des Althochdeutschen},
  booktitle	=		{Sprachgeschichte. Ein Handbuch zur Geschichte der deutschen Sprache und ihrer Erforschung},
  volume	=		{2},
  edition	=		{2},
  editor	=		{Werner Besch and Anne Betten and Oskar Reichmann and Stefan Sonderegger},
  location	=		{Berlin and New York},
  publisher	=		{de Gruyter},
  pages		=		{1207-1213},
  keywords	=		{weitere},
}

@Unpublished{ferra-ma,
  author	=		{Gisella Ferraresi},
  year		=		{1992},
  title		=		{Die Stellung des gotischen Verbs im Lichte eines Vergleichs mit dem Althochdeutschen},
  location	=		{University of Venice},
  note		=		{MA thesis},
  keywords	=		{weitere},
}

@Book{nt,
  editor	=		{Eberhard Nestle and Erwin Nestle and Barbara Aland and Kurt Aland},
  year		=		{2007},
  title		=		{Das neue Testament griechisch und deutsch},
  edition	=		{27. Aufl., 9. korr. Druck des griechischen Textes; 5. korr. Aufl.},
  location	=		{Stuttgart},
  publisher	=		{Deutsche Bibelgesellschaft},
  keywords	=		{weitere},
}

@Collection{selbst-sammel,
  editor	=		{Ulrich Broich and Manfred Pfister},
  title		=		{Intertextualität. Formen, Funktionen, anglistische Fallstudien},
  edition	=		{},
  location	=		{Tübingen},
  date		=		{1985},
  keywords	=		{weitere},
}

@Collection{selbst-lexikon-parent,
  options	=		{useeditor=false},
  editor	=		{Harald Fricke and Jan-Dirk Müller and Klaus Weimar},
  title		=		{Reallexikon der deutschen Literaturwissenschaft},
  edition	=		{3},
  location	=		{Berlin},
  date		=		{1997/2003},
  volumes	=		{3},
  keywords	=		{weitere},
}

@InBook{unselbst-sammel-ders,
  author	=		{Friedrich Schiller},
  title		=		{Wallenstein},
  bookauthor=		{Friedrich Schiller},
  maintitle	=		{Sämtliche Werke},
  editor	=		{Gerhard Fricke and Herbert G. Göpfert},
  edition	=		{4. durchges. Aufl.},
  location	=		{München},
  year		=		{1965},
  volumes	=		{5},
  volume	=		{2},
  booktitle	=		{Dramen 2},
  pages		=		{269-547},
  keywords	=		{weitere},
}

@Article{unselbst-zeitsch2,
  author	=		{Thomas Zabka},
  title		=		{Vom Nutzen des literarischen Erzählens für die sprachliche Sozialisation. Didaktische Überlegungen am Beispiel der narratologischen Kategorie \enquote{Stimme}},
  journal	=		{Der Deutschunterricht},
  year		=		{2005},
  volume	=		{57},
  number	=		{2},
  pages		=		{40-49},
  keywords	=		{weitere},
}

@Article{unselbst-zeitung,
  author	=		{Georg Jappe},
  title		=		{Die Unsichtbarkeit des Wirklichen. „Zeit der Beschreibung“ – Jochen Gerz und sein zweites Buch},
  journal	=		{Die Zeit},
  date		=		{1977-08-05},
  year		=		{1977},
  pages		=		{38},
  keywords	=		{weitere},
}
