@book{CSCO545,
	Number = {545},
	Series = {Corpus Scriptorum Christianorum Orientalium},
	Shortseries = {CSCO},
	Shortsubseries = {Copt},
	Subnumber = {48},
	Subseries = {Scriptores Coptici},
	Title = {Encomiastica from the Pierpont Morgan Library}
}

