@article{Delehaye1907,
	Author = {Hippolyte Delehaye},
	Date = {1907},
	Journaltitle = {Analecta Bollandiana},
	Number = {26},
	Shorttitle = {AB}, 
	Pages = {161-301},
	Title = {Saints de Chypre}
}

@mvbook{BHG_3,
	Address = {Bruxelles},
	Author = {François Halkin},
	Date = {1957},
	Edition = {3},
	Number = {81},
	Publisher = {{Société des Bollandistes}},
	Series = {Subsidia Hagiographica},
	Title = {Bibliotheca hagiographica graeca},
	Volumes = {3}}

@book{BHG_auctarium,
	Address = {Bruxelles},
	Author = {François Halkin},
	Date = {1969},
	Number = {47},
	Publisher = {{Société des Bollandistes}},
	Series = {Subsidia Hagiographica},
	Title = {Auctarium bibliothecae hagiographicae graecae}}

@book{BHG_novum_auctarium,
	Address = {Bruxelles},
	Author = {François Halkin},
	Date = {1984},
	Number = {65},
	Publisher = {{Société des Bollandistes}},
	Series = {Subsidia Hagiographica},
	Title = {Novum auctarium bibliothecae hagiographicae graecae}}
@set{BHG,
	entryset={BHG_3,BHG_auctarium,BHG_novum_auctarium}
}
@mvbook{CPG,
	Address = {Turnhout},
	Author = {Maurice Geerard},
	Date = {1974/2003},
	Publisher = {Brepols},
	Series = {Corpus Christianorum Series Graeca},
	Shortseries = {CCSG},
	Title = {Clavis Patrum Graecorum},
	Volumes = {5}}
@book{BHG410,
	Author = {{Alexandre de Chypre}},
	Bhg = {410},
	Cpg = {7398},
	Number = {87.3},
	Pages = {4015-4076},
	Pagination = {column},
	Series = {Patrologia Graeca},
	Shortseries = {PG},
	Title = {De venerandae ac vivificae crucis inventione}}
@book{CCSG16,
	Editor = {Edmond Voordeckers and Franz Tinnefeld},
	Number = {16},
	Series = {Corpus Christianorum Series Graeca},
	Shortseries = {CCSG},
	Title = {Iohannis Cantacuzeni Refutationes duae Prochori Cydonii et Disputatio cum Paulo patriarcha latino epistulis septem tradita}
}
@mvbook{Malamut1988,
	Address = {Paris},
	Author = {Élisabeth Malamut},
	Date = {1988},
	Number = {8},
	Publisher = {Publications de la Sorbonne},
	Series = {Byzantina Sorbonensia},
	Subtitle = {\textsc{viii}-\textsc{xii}\textsuperscript{e} siècles},
	Title = {Les îles de l'Empire byzantin},
	Volumes = {2}
}
@book{CCSA4,
	Editor = {Louis Leloir},
	Number = {4},
	Series = {Corpus Christianorum Series Apocryphorum},
	Shortseries = {CCSA},
	Subtitle = {Traduction de l'édition arménienne de Venise},
	Title = {Écrits apocryphes sur les apôtres},
	Volume = {2}}
@book{CCSG26,
	Editor = {Van Deun, Peter and Jacques Noret},
	Number = {26},
	Series = {Corpus Christianorum Series Graeca},
	Shortseries = {CCSG},
	Title = {Hagiographica Cypria}}
@article{VanDeun1990,
	Author = {Van Deun, Peter},
	Date = {1990}, 
	Journaltitle = {Analecta Bollandiana},
	Number = {108},
	Pages = {323-335},
	Shortjournal = {AB}, 
	Subtitle = {Édition et traduction},
	Title = {Un mémoire anonyme sur saint Barnabé (BHG 226e)}}
@article{James1905,
	Author = {Montague Rhodes James},
	Date = {1905},
	Journaltitle = {The Journal of Theological Studies},
	Number = {24},
	Pages = {549-556},
	Shortjournal = {JThS}, 
	Title = {The Acts of Titus and the Acts of Paul},
	Volume = {6}
}
