%
% bgteubner class bundle
%
% literatur.bib
% Copyright 2003--2005 Harald Harders
%
% This program may be distributed and/or modified under the
% conditions of the LaTeX Project Public License, either version 1.3
% of this license or (at your opinion) any later version.
% The latest version of this license is in
%    http://www.latex-project.org/lppl.txt
% and version 1.3 or later is part of all distributions of LaTeX
% version 1999/12/01 or later.
%
% This program consists of all files listed in manifest.txt.

@Manual{amsmath1999a,
  title = 	 {User's Guide for the amsmath Package},
  organization = {American Mathematical Society},
  month =	 dec,
  year =	 1999,
  language =	 {english},
  note =         {\foreignlanguage{ngerman}{In jeder \TeX"=Distribution 
                  im Verzeichnis
                  \meta{TEXMF}\url{/doc/latex/amslatex/amsldoc.dvi}
                  vorhanden}}
}

@Manual{carlisle2000a,
  title = 	 {The longtable package},
  author =	 {Carlisle, David},
  month =	 oct,
  year =	 2000,
  language =	 {english},
  url =		 {ftp://ftp.dante.de/tex-archive/macros/latex/contrib/longtable}
}

@Manual{cochran1995a,
  title = 	 {The subfigure package},
  author =	 {Steven Douglas Cochran},
  address =	 {Pittsburgh, USA},
  month =	 mar,
  year =	 1995,
  language =	 {english},
  url =          {ftp://ftp.dante.de/tex-archive/macros/latex/contrib/subfigure}
}

@Book{forssman2002a,
  author =	 {Forssman, Friedrich and de Jong, Ralf},
  title = 	 {Detailtypografie},
  publisher = 	 {Verlag Hermann Schmidt},
  year = 	 2002,
  address =	 {Mainz},
  language =	 {ngerman},
  isbn =	 {3-87439-568-5}
}

@Book{goossens1995a,
  author =	 {Goossens, Michael and Mittelbach, Frank and Samarin, 
                  Alexander},
  title = 	 {Der \LaTeX-Begleiter},
  publisher = 	 {Addison-Wesley},
  year = 	 1995,
  language =	 {ngerman},
  isbn =         {3-8273-7044-2}
}

@Manual{harders2001a,
  title = 	 {The numprint package},
  author =	 {Harald Harders},
  month =	 may,
  year =	 2003,
  language =	 {english},
  url =		 {ftp://ftp.dante.de/tex-archive/macros/latex/contrib/numprint}
}

@Manual{harders2003a,
  title = 	 {Multilingual bibliographies: The babelbib package},
  author =	 {Harders, Harald},
  year =	 2003,
  language =	 {english},
  url =		 {ftp://ftp.dante.de/tex-archive/biblio/bibtex/babelbib}
}

@Book{kohm2003a,
  author =	 {Kohm, Markus and Morawski, Jens-Uwe},
  title = 	 {KOMA"=Script},
  publisher = 	 {Lehmanns Fachbuchhandlung},
  year = 	 2003,
  language =	 {ngerman},
  isbn =	 {3-936427-45-3}
}

@Book{lamport1995a,
  author =	 {Lamport, Leslie},
  title = 	 {Das \LaTeX\ Handbuch},
  publisher = 	 {Addison-Wesley},
  year = 	 1995,
  address =	 {Bonn},
  language =	 {ngerman},
  isbn =         {3-89319-326-1}
}

@Manual{oetiker2003a,
  title = 	 {The Not So Short Introduction to \LaTeXe},
  author =	 {Oetiker, T. and Partl, H. and Hyna, I. and Schlegl, E.},
  month =	 apr,
  year =	 2003,
  url =          {ftp://ftp.dante.de/tex-archive/info/lshort/english/lshort.pdf},
  language =	 {english}
}

@Manual{patashnik1988a,
  author =	 {Patashnik, Oren},
  title =	 {Bib\TeX ing},
  year =	 1988,
  url  =	 {ftp://ftp.dante.de/tex-archive/biblio/bibtex/distribs/doc/ btxdoc.tex},
  language =	 {english}
}

@Book{roesler2003a,
  author =       {R"osler, Joachim and Harders, Harald and B"aker, Martin},
  title =        {Mechanisches Verhalten der Werkstoffe},
  publisher =    {B.~G. Teubner},
  year =         2003,
  address =      {Stuttgart},
  edition =      {1.},
  language =     {ngerman},
  isbn =         {3-519-00438-0}
}

@Manual{schmidt2003a,
  title = 	 {\LaTeXe-Kurzbeschreibung},
  author =	 {Schmidt, W. and Knappen, J. and Partl, H. and Hyna, I.},
  month =	 apr,
  year =	 2003,
  url =          {ftp://ftp.dante.de/tex-archive/info/lshort/german/l2kurz.pdf},
  language =	 {ngerman}
}

@Manual{slantsc2003a,
  title = 	 {The slantsc package},
  author =	 {Harders, Harald},
  month =	 sep,
  year =	 2003,
  language =	 {english},
  url =		 {ftp://ftp.dante.de/tex-archive/macros/latex/contrib/slantsc}
}

@Book{willberg1997a,
  author =	 {Willberg, Hans Peter and Forssman, Friedrich},
  title = 	 {Lesetypographie},
  publisher = 	 {Verlag Hermann Schmidt},
  year = 	 1997,
  address =	 {Mainz},
  language =	 {ngerman},
  isbn =	 {3-87439-375-5}
}

@Manual{subfloat2003a,
  title = 	 {The subfloat package},
  author =	 {Harald Harders},
  month =	 aug,
  year =	 2003,
  language =	 {english},
  url =		 {ftp://ftp.dante.de/tex-archive/macros/latex/contrib/subfloat}
}

@Manual{fear2003a,
  title = 	 {Publication quality tables in \LaTeX},
  author =	 {Simon Fear},
  month =	 mar,
  year =	 2003,
  language =	 {english},
  url =		 {ftp://ftp.dante.de/tex-archive/macros/latex/contrib/booktabs}
}

