@string{TUB = "TUGboat: Communications of the {\TeX} Users Group"}
@string{TUG = "TUG: {\TeX} Users Group Meeting"}

@misc{Daly:Customizing_Bibliographic_Style_Files,
	author = "Patrick W. Daly",
	year = "2007",
	title = "Customizing Bibliographic Style Files",
	note = "\url{http://mirrors.ctan.org/macros/latex/contrib/custom-bib/makebst.pdf}"
}

@misc{Daly:merlin.mbs,
	author = "Patrick W. Daly",
	year = "2011",
	month = oct,
	title = "{A Master Bibliographic Style File for numerical, author--year, multilingual applications}",
	note = "\url{http://mirrors.ctan.org/macros/latex/contrib/custom-bib/merlin.pdf} v.\,4.33"
}

@book{kopka03,
	ISBN = {0-321-17385-6},
	keywords = {Typography, LaTeX, Word Processing},
	year = {2003},
	author = {Helmut Kopka and Patrick W. Daly},
	title = {Guide to LaTeX},
	pages = {624},
	edition = {4th},
	publisher = {Addison-Wesley Professional}
}

@misc{Markey:Tame_the_BeaST,
	author = "Nicolas Markey",
	year = "2009",
	month = oct,
	title = "{Tame the BeaST: The B to X of Bib{\TeX}}",
	note = "\url{http://mirrors.ctan.org/info/bibtex/tamethebeast/ttb_en.pdf}, v.\,1.4"
}

@article{Mori:Managing_bibliographies,
	author = "Lapo F. Mori",
	journal = TUG,
	volume = 30,
	number = 1,
	year = 2009,
	pages = "36-48",
	title = "Managing bibliographies with {\LaTeX}"
}

@misc{Patashnik:bibtexing,
	author = "Oren Patashnik",
	year = "1998",
	title = "Bib{\TeX}ing",
	note = "\url{http://mirrors.ctan.org/biblio/bibtex/contrib/doc/btxdoc.pdf}"
}

